2960 5000
99 473 139 541 ΙΙ,
160 475 271 527 45-55
599 473 747 528 Poenulus.

610 663 736 748 Lycus

792 771 882 835 Nihil
906 792 1024 836 moror.

523 891 838 956 Antamoenides

97 999 282 1064 Ausculta.

611 1107 737 1189 Lycus

333 1215 403 1280 Non
427 1215 536 1280 hercle
560 1215 761 1280 auscultabo.

516 1333 837 1398 Antamoenides

815 1441 1006 1518 Quomodo?

101 1549 273 1634 Colaphis
296 1551 427 1634 quidem
450 1550 559 1614 hercle
582 1557 673 1614 tuum
697 1551 761 1614 iam
785 1549 919 1612 dilidam
943 1556 1051 1632 eaput,

100 1659 180 1724 Nisi
209 1666 268 1723 aut
291 1659 458 1724 auscultas
483 1666 541 1722 aut
563 1661 590 1722 is
613 1659 645 1722 in
669 1659 789 1722 malam
813 1677 951 1722 crucem.

615 1778 743 1862 Lycus

101 1887 235 1951 Malam
260 1907 386 1951 crucem
409 1887 464 1951 ibo
489 1887 607 1967 potius,

518 2005 836 2070 Antamoenides

669 2113 843 2177 Certumne
866 2120 915 2177 est
938 2113 1020 2176 tibi?

610 2233 737 2316 Lycus

106 2342 258 2407 Certum.

523 2449 836 2514 Antamoeuides

321 2557 402 2622 Tum
424 2565 462 2622 tu
485 2559 586 2639 igitur
610 2559 662 2622 die
686 2558 781 2634 bono,
805 2556 1016 2640 Aphrodisiis,

107 2666 238 2729 Addice
262 2671 352 2728 tuam
375 2665 453 2730 mihi
476 2668 680 2731 meretricem
704 2665 930 2729 minusculam.

616 2791 744 2875 Lycus

108 2899 164 2964 Ita
189 2919 243 2962 res
268 2897 383 2963 diuina
405 2899 483 2963 mihi
506 2899 583 2964 fuit:
607 2922 659 2964 res
684 2900 787 2963 serias

110 3008 229 3071 Omnis
253 3007 374 3071 extollo
399 3028 438 3070 ex
460 3007 523 3071 hoc
547 3007 599 3071 die
622 3010 654 3071 in
679 3009 778 3072 alium
804 3005 899 3070 diem.

108 3115 264 3180 Profecto
288 3114 407 3180 festum
430 3121 467 3179 ut
488 3115 628 3180 habeam
653 3115 817 3179 decretum
841 3122 891 3179 est
914 3113 1001 3178 mihi.
1035 3185 1041 3200 ι

109 3223 212 3288 Nunc
234 3223 309 3287 hino
332 3244 444 3289 eamus
469 3225 564 3288 intro.
612 3224 753 3306 Sequere
776 3223 838 3286 hac
862 3245 921 3286 me.

521 3343 837 3407 Antamoenides

969 3449 1103 3534 Sequor.

112 3558 149 3622 In
172 3559 261 3622 hunc
284 3557 369 3622 diem
392 3557 457 3622 iam
481 3565 555 3624 tuus
580 3581 651 3624 sum
674 3558 904 3622 mercenarius.

574 3849 776 3860 ...----..

123 4091 343 4103 ⁶——

182 4165 306 4229 490-90
321 4173 483 4228 auscultabo
495 4216 500 4225 .
512 4213 517 4225 .
529 4213 534 4224 .
545 4173 638 4227 hercle
657 4189 707 4226 om.
725 4171 779 4227 Bo
861 4175 911 4227 493
931 4171 1032 4226 elidam
1050 4170 1102 4226 Bo
1186 4175 1238 4226 494

84 4303 89 4312 .
113 4261 176 4316 Nisi
193 4262 335 4315 auscultas
352 4259 405 4315 Bo
477 4261 527 4314 496
546 4260 689 4328 aphrodiis
707 4257 758 4312 BG
830 4261 881 4312 497
900 4265 977 4312 tuum
996 4256 1023 4310 Β
1102 4259 1152 4311 500
1169 4257 1236 4311 Pro·

114 4347 202 4402 lectos
221 4345 307 4400 festos
326 4346 443 4399 habeam
530 4347 580 4398 502
599 4344 787 4413 agorastocles
807 4359 840 4398 ea:
858 4345 938 4399 stato
957 4343 1037 4398 addit
1054 4341 1082 4397 B
