<?xml version="1.0" encoding="UTF-8"?>
<!DOCTYPE html PUBLIC "-//W3C//DTD XHTML 1.0 Transitional//EN"
    "http://www.w3.org/TR/xhtml1/DTD/xhtml1-transitional.dtd">
<html xmlns="http://www.w3.org/1999/xhtml" xml:lang="en" lang="en">
 <head>
  <title>
</title>
<meta http-equiv="Content-Type" content="text/html;charset=utf-8" />
  <meta name='ocr-system' content='tesseract 3.04.00' />
  <meta name='ocr-capabilities' content='ocr_page ocr_carea ocr_par ocr_line ocrx_word'/>
</head>
<body>
  <div class='ocr_page' id='page_1' title='image "./tmacciiplautico01ussigoog_0614.png"; bbox 0 0 2982 5000; ppageno 0'>
   <div class='ocr_carea' id='block_1_1' title="bbox 596 454 1376 546">
    <p class='ocr_par' dir='ltr' id='par_1_1' title="bbox 596 454 1376 546">
     <span class='ocr_line' id='line_1_1' title="bbox 596 454 1376 546; baseline 0.004 -39"><span class='ocrx_word' id='word_1_1' title='bbox 596 454 630 509; x_wconf 83' lang='lat' dir='ltr'><strong>V.</strong></span> <span class='ocrx_word' id='word_1_2' title='bbox 649 455 794 510; x_wconf 81' lang='grc'>244-285-</span> <span class='ocrx_word' id='word_1_3' title='bbox 1190 457 1256 518; x_wconf 76' lang='grc'><strong>239</strong></span> <span class='ocrx_word' id='word_1_4' title='bbox 1374 543 1376 546; x_wconf 21' lang='grc' dir='ltr'>Ι</span> 
     </span>
    </p>
   </div>
   <div class='ocr_carea' id='block_1_2' title="bbox 76 643 1330 4416">
    <p class='ocr_par' dir='ltr' id='par_1_2' title="bbox 96 643 1330 932">
     <span class='ocr_line' id='line_1_2' title="bbox 96 643 1330 726; baseline 0.002 -20"><span class='ocrx_word' id='word_1_5' title='bbox 96 643 190 723; x_wconf 67' lang='grc'>(3983</span> <span class='ocrx_word' id='word_1_6' title='bbox 221 648 270 706; x_wconf 92' lang='lat' dir='ltr'><strong>ed.</strong></span> <span class='ocrx_word' id='word_1_7' title='bbox 294 669 350 726; x_wconf 69' lang='lat' dir='ltr'><strong>pr„</strong></span> <span class='ocrx_word' id='word_1_8' title='bbox 375 650 410 708; x_wconf 84' lang='lat' dir='ltr'><strong>ef.</strong></span> <span class='ocrx_word' id='word_1_9' title='bbox 434 648 506 708; x_wconf 85' lang='lat' dir='ltr'><strong>Cist.</strong></span> <span class='ocrx_word' id='word_1_10' title='bbox 528 652 598 710; x_wconf 84' lang='lat'><strong>531.</strong></span> <span class='ocrx_word' id='word_1_11' title='bbox 633 649 698 707; x_wconf 85' lang='lat' dir='ltr'>Ter.</span> <span class='ocrx_word' id='word_1_12' title='bbox 721 649 838 708; x_wconf 90' lang='lat' dir='ltr'><strong>Phorm.</strong></span> <span class='ocrx_word' id='word_1_13' title='bbox 857 651 927 708; x_wconf 85' lang='lat'><strong>419.</strong></span> <span class='ocrx_word' id='word_1_14' title='bbox 963 648 1111 710; x_wconf 68' lang='lat' dir='ltr'><strong>distel.</strong></span> <span class='ocrx_word' id='word_1_15' title='bbox 1132 651 1180 720; x_wconf 86' lang='grc'>32,</span> <span class='ocrx_word' id='word_1_16' title='bbox 1205 651 1254 710; x_wconf 87' lang='grc'><strong>85.</strong></span> <span class='ocrx_word' id='word_1_17' title='bbox 1329 655 1330 658; x_wconf 71' lang='grc'>’</span> 
     </span>
     <span class='ocr_line' id='line_1_3' title="bbox 97 747 1255 842; baseline -0.001 -31"><span class='ocrx_word' id='word_1_18' title='bbox 97 779 152 788; x_wconf 90' lang='grc'><strong>--</strong></span> <span class='ocrx_word' id='word_1_19' title='bbox 190 754 271 811; x_wconf 82' lang='grc'>264.</span> <span class='ocrx_word' id='word_1_20' title='bbox 301 747 355 828; x_wconf 78' lang='lat' dir='ltr'><strong>qui</strong></span> <span class='ocrx_word' id='word_1_21' title='bbox 383 747 430 811; x_wconf 73' lang='lat' dir='ltr'><strong>sir</strong></span> <span class='ocrx_word' id='word_1_22' title='bbox 456 755 486 810; x_wconf 90' lang='lat' dir='ltr'><strong>iu</strong></span> <span class='ocrx_word' id='word_1_23' title='bbox 514 753 540 812; x_wconf 84' lang='lat' dir='ltr'>A</span> <span class='ocrx_word' id='word_1_24' title='bbox 569 752 626 812; x_wconf 84' lang='lat' dir='ltr'><strong>sibi</strong></span> <span class='ocrx_word' id='word_1_25' title='bbox 654 753 753 827; x_wconf 82' lang='lat' dir='ltr'><strong>legare</strong></span> <span class='ocrx_word' id='word_1_26' title='bbox 782 752 942 810; x_wconf 84' lang='lat' dir='ltr'><strong>videbatur</strong></span> <span class='ocrx_word' id='word_1_27' title='bbox 968 751 1102 842; x_wconf 73' lang='lat' dir='ltr'><strong>¹Studcm.</strong></span> <span class='ocrx_word' id='word_1_28' title='bbox 1132 751 1217 812; x_wconf 87' lang='lat' dir='ltr'><strong>Stud.</strong></span> <span class='ocrx_word' id='word_1_29' title='bbox 1241 751 1255 810; x_wconf 95' lang='lat' dir='ltr'>I</span> 
     </span>
     <span class='ocr_line' id='line_1_4' title="bbox 97 847 1254 932; baseline 0.003 -21"><span class='ocrx_word' id='word_1_30' title='bbox 97 875 135 930; x_wconf 89' lang='lat' dir='ltr'><strong>p.</strong></span> <span class='ocrx_word' id='word_1_31' title='bbox 157 856 252 922; x_wconf 81' lang='lat'><strong>253;</strong></span> <span class='ocrx_word' id='word_1_32' title='bbox 276 855 386 912; x_wconf 82' lang='lat' dir='ltr'><strong>ibidem</strong></span> <span class='ocrx_word' id='word_1_33' title='bbox 410 856 497 912; x_wconf 91' lang='lat' dir='ltr'><strong>etiam</strong></span> <span class='ocrx_word' id='word_1_34' title='bbox 520 851 631 932; x_wconf 84' lang='lat' dir='ltr'><strong>„ipee“.</strong></span> <span class='ocrx_word' id='word_1_35' title='bbox 652 884 694 895; x_wconf 90' lang='lat'><em>-</em></span> <span class='ocrx_word' id='word_1_36' title='bbox 715 847 853 914; x_wconf 77' lang='lat' dir='ltr'><strong>Ambula</strong></span> <span class='ocrx_word' id='word_1_37' title='bbox 872 855 914 926; x_wconf 77' lang='lat' dir='ltr'><strong>la,</strong></span> <span class='ocrx_word' id='word_1_38' title='bbox 938 874 1063 932; x_wconf 85' lang='lat' dir='ltr'><strong>puerum</strong></span> <span class='ocrx_word' id='word_1_39' title='bbox 1083 855 1254 932; x_wconf 79' lang='lat' dir='ltr'>alloquitur.</span> 
     </span>
    </p>

    <p class='ocr_par' dir='ltr' id='par_1_3' title="bbox 76 952 1274 4416">
     <span class='ocr_line' id='line_1_5' title="bbox 216 952 1256 1034; baseline 0.001 -19"><span class='ocrx_word' id='word_1_40' title='bbox 216 958 277 1016; x_wconf 89' lang='grc'>266</span> <span class='ocrx_word' id='word_1_41' title='bbox 296 978 359 1034; x_wconf 87' lang='lat' dir='ltr'><strong>sqq.</strong></span> <span class='ocrx_word' id='word_1_42' title='bbox 382 957 526 1016; x_wconf 74' lang='lat' dir='ltr'><strong>trochaici</strong></span> <span class='ocrx_word' id='word_1_43' title='bbox 544 959 713 1034; x_wconf 74' lang='lat' dir='ltr'><strong>septenarii.</strong></span> <span class='ocrx_word' id='word_1_44' title='bbox 728 987 770 997; x_wconf 96' lang='lat'>—</span> <span class='ocrx_word' id='word_1_45' title='bbox 790 957 860 1016; x_wconf 79' lang='grc'>267.</span> <span class='ocrx_word' id='word_1_46' title='bbox 877 952 1061 1032; x_wconf 77' lang='lat' dir='ltr'><strong>porriciam,</strong></span> <span class='ocrx_word' id='word_1_47' title='bbox 1085 957 1208 1016; x_wconf 85' lang='lat' dir='ltr'><strong>verbum</strong></span> <span class='ocrx_word' id='word_1_48' title='bbox 1226 959 1256 1016; x_wconf 89' lang='lat' dir='ltr'><strong>in</strong></span> 
     </span>
     <span class='ocr_line' id='line_1_6' title="bbox 100 1057 1254 1136; baseline 0.002 -20"><span class='ocrx_word' id='word_1_49' title='bbox 100 1077 212 1117; x_wconf 80' lang='lat' dir='ltr'><strong>sacra</strong></span> <span class='ocrx_word' id='word_1_50' title='bbox 235 1079 268 1118; x_wconf 89' lang='lat' dir='ltr'><strong>re</strong></span> <span class='ocrx_word' id='word_1_51' title='bbox 290 1064 476 1136; x_wconf 86' lang='lat' dir='ltr'><strong>usurpatum,</strong></span> <span class='ocrx_word' id='word_1_52' title='bbox 501 1060 536 1118; x_wconf 84' lang='lat' dir='ltr'><strong>ef.</strong></span> <span class='ocrx_word' id='word_1_53' title='bbox 549 1059 640 1119; x_wconf 91' lang='lat' dir='ltr'><strong>Poen.</strong></span> <span class='ocrx_word' id='word_1_54' title='bbox 654 1059 725 1120; x_wconf 86' lang='grc'>455.</span> <span class='ocrx_word' id='word_1_55' title='bbox 772 1059 883 1118; x_wconf 81' lang='lat' dir='ltr'><strong>Locum</strong></span> <span class='ocrx_word' id='word_1_56' title='bbox 902 1059 1004 1118; x_wconf 83' lang='lat' dir='ltr'><strong>attulit</strong></span> <span class='ocrx_word' id='word_1_57' title='bbox 1016 1057 1121 1118; x_wconf 81' lang='lat' dir='ltr'><strong>Festus</strong></span> <span class='ocrx_word' id='word_1_58' title='bbox 1139 1080 1169 1136; x_wconf 91' lang='lat' dir='ltr'><strong>p.</strong></span> <span class='ocrx_word' id='word_1_59' title='bbox 1184 1061 1254 1132; x_wconf 87' lang='grc'>218,</span> 
     </span>
     <span class='ocr_line' id='line_1_7' title="bbox 101 1155 1256 1238; baseline 0 -18"><span class='ocrx_word' id='word_1_60' title='bbox 101 1163 170 1220; x_wconf 85' lang='lat' dir='ltr'><strong>sed</strong></span> <span class='ocrx_word' id='word_1_61' title='bbox 198 1163 346 1238; x_wconf 74' lang='lat' dir='ltr'><strong>pleraque</strong></span> <span class='ocrx_word' id='word_1_62' title='bbox 368 1162 473 1220; x_wconf 86' lang='lat' dir='ltr'><strong>lacuna</strong></span> <span class='ocrx_word' id='word_1_63' title='bbox 495 1161 603 1220; x_wconf 88' lang='lat' dir='ltr'><strong>bausit.</strong></span> <span class='ocrx_word' id='word_1_64' title='bbox 629 1191 665 1202; x_wconf 91' lang='lat'>—</span> <span class='ocrx_word' id='word_1_65' title='bbox 692 1163 762 1220; x_wconf 86' lang='grc'>288.</span> <span class='ocrx_word' id='word_1_66' title='bbox 814 1155 860 1235; x_wconf 77' lang='lat' dir='ltr'><strong>Si,</strong></span> <span class='ocrx_word' id='word_1_67' title='bbox 887 1162 922 1218; x_wconf 82' lang='lat' dir='ltr'><strong>of.</strong></span> <span class='ocrx_word' id='word_1_68' title='bbox 946 1161 1038 1220; x_wconf 88' lang='lat' dir='ltr'><strong>Mero.</strong></span> <span class='ocrx_word' id='word_1_69' title='bbox 1064 1164 1124 1220; x_wconf 80' lang='lat'><strong>796</strong></span> <span class='ocrx_word' id='word_1_70' title='bbox 1148 1183 1191 1238; x_wconf 88' lang='lat' dir='ltr'><strong>sq.</strong></span> <span class='ocrx_word' id='word_1_71' title='bbox 1214 1191 1256 1201; x_wconf 91' lang='lat'><em>-</em></span> 
     </span>
     <span class='ocr_line' id='line_1_8' title="bbox 103 1259 1253 1340; baseline 0 -18"><span class='ocrx_word' id='word_1_72' title='bbox 103 1259 273 1323; x_wconf 80' lang='lat' dir='ltr'><strong>deseram</strong></span> <span class='ocrx_word' id='word_1_73' title='bbox 295 1266 339 1324; x_wconf 89' lang='lat' dir='ltr'><strong>ed.</strong></span> <span class='ocrx_word' id='word_1_74' title='bbox 365 1284 411 1340; x_wconf 88' lang='lat' dir='ltr'><strong>pr.</strong></span> <span class='ocrx_word' id='word_1_75' title='bbox 449 1292 485 1303; x_wconf 90' lang='lat'>-</span> <span class='ocrx_word' id='word_1_76' title='bbox 523 1265 594 1324; x_wconf 87' lang='grc'>269.</span> <span class='ocrx_word' id='word_1_77' title='bbox 621 1263 726 1338; x_wconf 70' lang='lat' dir='ltr'><strong>poteri</strong></span> <span class='ocrx_word' id='word_1_78' title='bbox 753 1266 780 1322; x_wconf 84' lang='lat' dir='ltr'>A</span> <span class='ocrx_word' id='word_1_79' title='bbox 810 1269 840 1321; x_wconf 89' lang='lat' dir='ltr'><strong>et</strong></span> <span class='ocrx_word' id='word_1_80' title='bbox 870 1263 953 1323; x_wconf 84' lang='lat' dir='ltr'><strong>Serv.</strong></span> <span class='ocrx_word' id='word_1_81' title='bbox 978 1263 1015 1322; x_wconf 87' lang='lat' dir='ltr'><strong>ad</strong></span> <span class='ocrx_word' id='word_1_82' title='bbox 1038 1265 1107 1323; x_wconf 82' lang='lat' dir='ltr'><strong>AEn.</strong></span> <span class='ocrx_word' id='word_1_83' title='bbox 1129 1264 1152 1339; x_wconf 90' lang='lat'><strong>1,</strong></span> <span class='ocrx_word' id='word_1_84' title='bbox 1178 1265 1253 1322; x_wconf 77' lang='lat'>378:</span> 
     </span>
     <span class='ocr_line' id='line_1_9' title="bbox 107 1366 1254 1444; baseline 0.002 -20"><span class='ocrx_word' id='word_1_85' title='bbox 107 1366 277 1438; x_wconf 85' lang='lat' dir='ltr'><strong>„Plautus</strong></span> <span class='ocrx_word' id='word_1_86' title='bbox 304 1369 335 1424; x_wconf 91' lang='lat' dir='ltr'><strong>in</strong></span> <span class='ocrx_word' id='word_1_87' title='bbox 366 1366 528 1426; x_wconf 79' lang='lat' dir='ltr'><strong>Pseudolo:</strong></span> <span class='ocrx_word' id='word_1_88' title='bbox 561 1366 629 1424; x_wconf 81' lang='lat' dir='ltr'><strong>Non</strong></span> <span class='ocrx_word' id='word_1_89' title='bbox 657 1371 758 1444; x_wconf 87' lang='lat' dir='ltr'><strong>potest</strong></span> <span class='ocrx_word' id='word_1_90' title='bbox 784 1367 896 1442; x_wconf 87' lang='lat' dir='ltr'><strong>pietate</strong></span> <span class='ocrx_word' id='word_1_91' title='bbox 924 1367 1030 1426; x_wconf 79' lang='lat' dir='ltr'><strong>obsisti</strong></span> <span class='ocrx_word' id='word_1_92' title='bbox 1059 1368 1120 1425; x_wconf 82' lang='lat' dir='ltr'><strong>sive</strong></span> <span class='ocrx_word' id='word_1_93' title='bbox 1147 1373 1182 1425; x_wconf 91' lang='lat' dir='ltr'><strong>ut</strong></span> <span class='ocrx_word' id='word_1_94' title='bbox 1208 1387 1254 1426; x_wconf 86' lang='lat' dir='ltr'><strong>ree</strong></span> 
     </span>
     <span class='ocr_line' id='line_1_10' title="bbox 76 1468 1255 1546; baseline 0.001 -20"><span class='ocrx_word' id='word_1_95' title='bbox 76 1521 79 1526; x_wconf 88' lang='lat'><strong>.</strong></span> <span class='ocrx_word' id='word_1_96' title='bbox 104 1475 198 1528; x_wconf 85' lang='lat' dir='ltr'><strong>suut</strong></span> <span class='ocrx_word' id='word_1_97' title='bbox 228 1475 347 1541; x_wconf 78' lang='lat' dir='ltr'><strong>oeterae3</strong></span> <span class='ocrx_word' id='word_1_98' title='bbox 387 1468 465 1528; x_wconf 89' lang='lat' dir='ltr'><strong>Deos</strong></span> <span class='ocrx_word' id='word_1_99' title='bbox 494 1469 612 1545; x_wconf 90' lang='lat' dir='ltr'><strong>quidem</strong></span> <span class='ocrx_word' id='word_1_100' title='bbox 642 1488 717 1546; x_wconf 89' lang='lat' dir='ltr'><strong>quos</strong></span> <span class='ocrx_word' id='word_1_101' title='bbox 745 1471 871 1528; x_wconf 87' lang='lat' dir='ltr'><strong>maxime</strong></span> <span class='ocrx_word' id='word_1_102' title='bbox 899 1474 944 1526; x_wconf 91' lang='lat' dir='ltr'><strong>est</strong></span> <span class='ocrx_word' id='word_1_103' title='bbox 972 1487 1087 1546; x_wconf 68' lang='lat' dir='ltr'><strong>[equum</strong></span> <span class='ocrx_word' id='word_1_104' title='bbox 1117 1475 1255 1542; x_wconf 89' lang='lat' dir='ltr'><strong>metuere,</strong></span> 
     </span>
     <span class='ocr_line' id='line_1_11' title="bbox 107 1568 1256 1648; baseline 0 -18"><span class='ocrx_word' id='word_1_105' title='bbox 107 1591 171 1630; x_wconf 84' lang='lat' dir='ltr'><strong>eos</strong></span> <span class='ocrx_word' id='word_1_106' title='bbox 201 1573 315 1630; x_wconf 86' lang='lat' dir='ltr'><strong>minimi</strong></span> <span class='ocrx_word' id='word_1_107' title='bbox 338 1568 438 1630; x_wconf 83' lang='lat' dir='ltr'><strong>laeit“.</strong></span> <span class='ocrx_word' id='word_1_108' title='bbox 484 1571 529 1628; x_wconf 80' lang='lat' dir='ltr'><strong>Ex</strong></span> <span class='ocrx_word' id='word_1_109' title='bbox 552 1591 610 1648; x_wconf 92' lang='lat' dir='ltr'><strong>quo</strong></span> <span class='ocrx_word' id='word_1_110' title='bbox 633 1577 752 1629; x_wconf 73' lang='lat' dir='ltr'><strong>duotore</strong></span> <span class='ocrx_word' id='word_1_111' title='bbox 772 1571 931 1647; x_wconf 80' lang='lat' dir='ltr'><strong>Kiessling.</strong></span> <span class='ocrx_word' id='word_1_112' title='bbox 950 1571 1027 1630; x_wconf 89' lang='lat' dir='ltr'><strong>Mus.</strong></span> <span class='ocrx_word' id='word_1_113' title='bbox 1047 1571 1141 1630; x_wconf 83' lang='lat' dir='ltr'><strong>Rhen.</strong></span> <span class='ocrx_word' id='word_1_114' title='bbox 1153 1571 1256 1630; x_wconf 88' lang='lat' dir='ltr'>XXIII</span> 
     </span>
     <span class='ocr_line' id='line_1_12' title="bbox 106 1671 1255 1751; baseline 0 -19"><span class='ocrx_word' id='word_1_115' title='bbox 106 1694 144 1750; x_wconf 91' lang='lat' dir='ltr'><strong>p.</strong></span> <span class='ocrx_word' id='word_1_116' title='bbox 178 1675 247 1732; x_wconf 88' lang='lat'><strong>414</strong></span> <span class='ocrx_word' id='word_1_117' title='bbox 273 1671 385 1745; x_wconf 86' lang='lat' dir='ltr'><strong>„sicnt“</strong></span> <span class='ocrx_word' id='word_1_118' title='bbox 412 1675 545 1749; x_wconf 75' lang='lat' dir='ltr'><strong>scripsit,</strong></span> <span class='ocrx_word' id='word_1_119' title='bbox 577 1676 674 1749; x_wconf 85' lang='lat' dir='ltr'><strong>aptius</strong></span> <span class='ocrx_word' id='word_1_120' title='bbox 698 1694 786 1750; x_wconf 87' lang='lat' dir='ltr'><strong>quam</strong></span> <span class='ocrx_word' id='word_1_121' title='bbox 809 1673 887 1751; x_wconf 90' lang='lat' dir='ltr'><strong>quod</strong></span> <span class='ocrx_word' id='word_1_122' title='bbox 910 1676 1000 1747; x_wconf 84' lang='lat' dir='ltr'><strong>vulgo</strong></span> <span class='ocrx_word' id='word_1_123' title='bbox 1024 1679 1092 1750; x_wconf 87' lang='lat' dir='ltr'><strong>post</strong></span> <span class='ocrx_word' id='word_1_124' title='bbox 1113 1674 1255 1750; x_wconf 80' lang='lat' dir='ltr'><strong>Pyladem</strong></span> 
     </span>
     <span class='ocr_line' id='line_1_13' title="bbox 110 1773 1255 1854; baseline -0.001 -20"><span class='ocrx_word' id='word_1_125' title='bbox 110 1778 230 1835; x_wconf 83' lang='lat' dir='ltr'><strong>editur</strong></span> <span class='ocrx_word' id='word_1_126' title='bbox 255 1781 307 1849; x_wconf 80' lang='lat' dir='ltr'><strong>„ut</strong></span> <span class='ocrx_word' id='word_1_127' title='bbox 328 1773 397 1850; x_wconf 87' lang='lat' dir='ltr'><strong>ut“;</strong></span> <span class='ocrx_word' id='word_1_128' title='bbox 431 1775 490 1835; x_wconf 83' lang='lat' dir='ltr'><strong>sed¹</strong></span> <span class='ocrx_word' id='word_1_129' title='bbox 517 1778 640 1834; x_wconf 90' lang='lat' dir='ltr'><strong>retineri</strong></span> <span class='ocrx_word' id='word_1_130' title='bbox 672 1781 770 1852; x_wconf 90' lang='lat' dir='ltr'><strong>potest</strong></span> <span class='ocrx_word' id='word_1_131' title='bbox 797 1779 921 1854; x_wconf 86' lang='lat' dir='ltr'><strong>simplex</strong></span> <span class='ocrx_word' id='word_1_132' title='bbox 948 1777 985 1836; x_wconf 79' lang='lat' dir='ltr'><strong>tet</strong></span> <span class='ocrx_word' id='word_1_133' title='bbox 1012 1795 1077 1835; x_wconf 87' lang='lat' dir='ltr'><strong>enm</strong></span> <span class='ocrx_word' id='word_1_134' title='bbox 1106 1777 1189 1834; x_wconf 88' lang='lat' dir='ltr'><strong>hiatu</strong></span> <span class='ocrx_word' id='word_1_135' title='bbox 1224 1780 1255 1834; x_wconf 89' lang='lat' dir='ltr'><strong>in</strong></span> 
     </span>
     <span class='ocr_line' id='line_1_14' title="bbox 111 1872 1256 1950; baseline 0 -14"><span class='ocrx_word' id='word_1_136' title='bbox 111 1879 247 1938; x_wconf 80' lang='lat' dir='ltr'><strong>diaeresi</strong></span> <span class='ocrx_word' id='word_1_137' title='bbox 282 1898 393 1940; x_wconf 84' lang='lat' dir='ltr'><strong>versus.</strong></span> <span class='ocrx_word' id='word_1_138' title='bbox 449 1872 588 1938; x_wconf 78' lang='lat' dir='ltr'><strong>Lucrum</strong></span> <span class='ocrx_word' id='word_1_139' title='bbox 615 1879 744 1938; x_wconf 79' lang='lat' dir='ltr'><strong>Ballioni</strong></span> <span class='ocrx_word' id='word_1_140' title='bbox 778 1899 907 1938; x_wconf 85' lang='lat' dir='ltr'><strong>summus</strong></span> <span class='ocrx_word' id='word_1_141' title='bbox 941 1881 1070 1938; x_wconf 91' lang='lat' dir='ltr'><strong>omnium</strong></span> <span class='ocrx_word' id='word_1_142' title='bbox 1105 1879 1177 1937; x_wconf 89' lang='lat' dir='ltr'><strong>dens</strong></span> <span class='ocrx_word' id='word_1_143' title='bbox 1203 1887 1256 1950; x_wconf 84' lang='lat' dir='ltr'><strong>est,</strong></span> 
     </span>
     <span class='ocr_line' id='line_1_15' title="bbox 112 1969 1257 2058; baseline 0.001 -20"><span class='ocrx_word' id='word_1_144' title='bbox 112 1982 273 2058; x_wconf 89' lang='lat' dir='ltr'><strong>lucroque</strong></span> <span class='ocrx_word' id='word_1_145' title='bbox 296 1983 407 2038; x_wconf 84' lang='lat' dir='ltr'><strong>servire</strong></span> <span class='ocrx_word' id='word_1_146' title='bbox 430 2001 544 2040; x_wconf 90' lang='lat' dir='ltr'><strong>summa</strong></span> <span class='ocrx_word' id='word_1_147' title='bbox 565 1984 672 2058; x_wconf 86' lang='lat' dir='ltr'><strong>pietas.</strong></span> <span class='ocrx_word' id='word_1_148' title='bbox 728 1976 813 2040; x_wconf 76' lang='lat' dir='ltr'><strong>Huic</strong></span> <span class='ocrx_word' id='word_1_149' title='bbox 840 1983 883 2040; x_wconf 87' lang='lat' dir='ltr'><strong>ait</strong></span> <span class='ocrx_word' id='word_1_150' title='bbox 911 1969 1032 2056; x_wconf 73' lang='lat' dir='ltr'><strong>pietati</strong></span> <span class='ocrx_word' id='word_1_151' title='bbox 1054 1974 1164 2042; x_wconf 77' lang='lat' dir='ltr'><strong>obsisti</strong></span> <span class='ocrx_word' id='word_1_152' title='bbox 1192 1997 1257 2049; x_wconf 72' lang='lat' dir='ltr'><strong>reon</strong></span> 
     </span>
     <span class='ocr_line' id='line_1_16' title="bbox 107 2084 1255 2162; baseline 0.002 -21"><span class='ocrx_word' id='word_1_153' title='bbox 107 2099 239 2160; x_wconf 72' lang='lat' dir='ltr'><strong>posse,</strong></span> <span class='ocrx_word' id='word_1_154' title='bbox 274 2087 441 2162; x_wconf 68' lang='lat' dir='ltr'><strong>presertim</strong></span> <span class='ocrx_word' id='word_1_155' title='bbox 469 2087 501 2142; x_wconf 90' lang='lat' dir='ltr'><strong>in</strong></span> <span class='ocrx_word' id='word_1_156' title='bbox 528 2090 588 2142; x_wconf 89' lang='lat' dir='ltr'><strong>tam</strong></span> <span class='ocrx_word' id='word_1_157' title='bbox 612 2085 727 2142; x_wconf 84' lang='lat' dir='ltr'><strong>miseris</strong></span> <span class='ocrx_word' id='word_1_158' title='bbox 750 2084 852 2155; x_wconf 75' lang='lat' dir='ltr'><strong>rebus,</strong></span> <span class='ocrx_word' id='word_1_159' title='bbox 895 2084 931 2142; x_wconf 79' lang='lat' dir='ltr'><strong>ut</strong></span> <span class='ocrx_word' id='word_1_160' title='bbox 955 2098 1008 2142; x_wconf 76' lang='lat' dir='ltr'><strong>res</strong></span> <span class='ocrx_word' id='word_1_161' title='bbox 1035 2084 1111 2143; x_wconf 73' lang='lat' dir='ltr'><strong>surii</strong></span> <span class='ocrx_word' id='word_1_162' title='bbox 1137 2084 1255 2144; x_wconf 72' lang='lat' dir='ltr'><strong>deterre.</strong></span> 
     </span>
     <span class='ocr_line' id='line_1_17' title="bbox 117 2186 1258 2264; baseline 0.001 -20"><span class='ocrx_word' id='word_1_163' title='bbox 117 2187 217 2245; x_wconf 87' lang='lat' dir='ltr'><strong>Hune</strong></span> <span class='ocrx_word' id='word_1_164' title='bbox 239 2189 361 2244; x_wconf 77' lang='lat' dir='ltr'><strong>&#39;versum</strong></span> <span class='ocrx_word' id='word_1_165' title='bbox 388 2206 477 2263; x_wconf 90' lang='lat' dir='ltr'><strong>quum</strong></span> <span class='ocrx_word' id='word_1_166' title='bbox 500 2207 560 2244; x_wconf 92' lang='lat' dir='ltr'><strong>non</strong></span> <span class='ocrx_word' id='word_1_167' title='bbox 582 2187 806 2260; x_wconf 75' lang='lat' dir='ltr'><strong>intellexissent,</strong></span> <span class='ocrx_word' id='word_1_168' title='bbox 830 2187 978 2264; x_wconf 81' lang='lat' dir='ltr'><strong>Ladewig.</strong></span> <span class='ocrx_word' id='word_1_169' title='bbox 999 2192 1030 2244; x_wconf 90' lang='lat' dir='ltr'><strong>et</strong></span> <span class='ocrx_word' id='word_1_170' title='bbox 1042 2186 1166 2245; x_wconf 84' lang='lat' dir='ltr'><strong>Lorenz.</strong></span> <span class='ocrx_word' id='word_1_171' title='bbox 1190 2194 1258 2264; x_wconf 90' lang='lat' dir='ltr'><strong>post</strong></span> 
     </span>
     <span class='ocr_line' id='line_1_18' title="bbox 116 2285 1256 2365; baseline 0.001 -17"><span class='ocrx_word' id='word_1_172' title='bbox 116 2309 149 2348; x_wconf 81' lang='lat' dir='ltr'><strong>v.</strong></span> <span class='ocrx_word' id='word_1_173' title='bbox 182 2291 244 2348; x_wconf 85' lang='grc'><strong>292</strong></span> <span class='ocrx_word' id='word_1_174' title='bbox 273 2285 441 2365; x_wconf 81' lang='lat' dir='ltr'><strong>ponendu&#39;m</strong></span> <span class='ocrx_word' id='word_1_175' title='bbox 477 2294 668 2361; x_wconf 81' lang='lat' dir='ltr'><strong>censuerunt,</strong></span> <span class='ocrx_word' id='word_1_176' title='bbox 703 2291 870 2364; x_wconf 84' lang='lat' dir='ltr'><strong>proximum</strong></span> <span class='ocrx_word' id='word_1_177' title='bbox 904 2296 1001 2348; x_wconf 86' lang='lat' dir='ltr'><strong>autem</strong></span> <span class='ocrx_word' id='word_1_178' title='bbox 1037 2288 1106 2348; x_wconf 88' lang='lat' dir='ltr'><strong>Lor.</strong></span> <span class='ocrx_word' id='word_1_179' title='bbox 1137 2293 1256 2349; x_wconf 87' lang='lat' dir='ltr'><strong>omnino</strong></span> 
     </span>
     <span class='ocr_line' id='line_1_19' title="bbox 118 2387 1256 2468; baseline -0.001 -19"><span class='ocrx_word' id='word_1_180' title='bbox 118 2387 226 2450; x_wconf 88' lang='lat' dir='ltr'><strong>eiecit.</strong></span> <span class='ocrx_word' id='word_1_181' title='bbox 251 2421 294 2430; x_wconf 96' lang='lat'><strong>—</strong></span> <span class='ocrx_word' id='word_1_182' title='bbox 318 2394 377 2451; x_wconf 82' lang='grc'>270</span> <span class='ocrx_word' id='word_1_183' title='bbox 411 2391 551 2450; x_wconf 87' lang='lat' dir='ltr'><strong>Pseudoli</strong></span> <span class='ocrx_word' id='word_1_184' title='bbox 571 2399 643 2449; x_wconf 86' lang='lat' dir='ltr'><strong>nota</strong></span> <span class='ocrx_word' id='word_1_185' title='bbox 667 2391 697 2449; x_wconf 89' lang='lat' dir='ltr'><strong>in</strong></span> <span class='ocrx_word' id='word_1_186' title='bbox 714 2391 738 2449; x_wconf 92' lang='lat' dir='ltr'><strong>B</strong></span> <span class='ocrx_word' id='word_1_187' title='bbox 757 2411 856 2450; x_wconf 87' lang='lat' dir='ltr'><strong>errore</strong></span> <span class='ocrx_word' id='word_1_188' title='bbox 879 2393 1027 2468; x_wconf 85' lang='lat' dir='ltr'><strong>superiori</strong></span> <span class='ocrx_word' id='word_1_189' title='bbox 1052 2394 1151 2450; x_wconf 84' lang='lat' dir='ltr'><strong>versui</strong></span> <span class='ocrx_word' id='word_1_190' title='bbox 1174 2399 1256 2450; x_wconf 83' lang='lat' dir='ltr'><strong>ente·</strong></span> 
     </span>
     <span class='ocr_line' id='line_1_20' title="bbox 118 2487 1258 2571; baseline 0.002 -19"><span class='ocrx_word' id='word_1_191' title='bbox 118 2496 263 2571; x_wconf 85' lang='lat' dir='ltr'><strong>ponitur.</strong></span> <span class='ocrx_word' id='word_1_192' title='bbox 296 2523 338 2536; x_wconf 87' lang='lat'><em>-</em></span> <span class='ocrx_word' id='word_1_193' title='bbox 374 2497 444 2553; x_wconf 80' lang='lat'><strong>272.</strong></span> <span class='ocrx_word' id='word_1_194' title='bbox 478 2489 530 2552; x_wconf 81' lang='lat' dir='ltr'><strong>uel</strong></span> <span class='ocrx_word' id='word_1_195' title='bbox 556 2488 651 2552; x_wconf 75' lang='lat' dir='ltr'><strong>huius</strong></span> <span class='ocrx_word' id='word_1_196' title='bbox 679 2487 833 2553; x_wconf 82' lang='lat' dir='ltr'><strong>arbitrata</strong></span> <span class='ocrx_word' id='word_1_197' title='bbox 861 2489 912 2553; x_wconf 82' lang='lat' dir='ltr'><strong>ael</strong></span> <span class='ocrx_word' id='word_1_198' title='bbox 938 2509 1021 2567; x_wconf 83' lang='lat' dir='ltr'><strong>meo,</strong></span> <span class='ocrx_word' id='word_1_199' title='bbox 1055 2497 1074 2552; x_wconf 87' lang='lat' dir='ltr'><strong>i.</strong></span> <span class='ocrx_word' id='word_1_200' title='bbox 1100 2514 1124 2553; x_wconf 86' lang='lat' dir='ltr'><strong>e.</strong></span> <span class='ocrx_word' id='word_1_201' title='bbox 1154 2494 1202 2552; x_wconf 85' lang='lat' dir='ltr'><strong>rel</strong></span> <span class='ocrx_word' id='word_1_202' title='bbox 1223 2501 1258 2554; x_wconf 86' lang='lat' dir='ltr'><strong>ut</strong></span> 
     </span>
     <span class='ocr_line' id='line_1_21' title="bbox 118 2591 1257 2674; baseline 0.004 -21"><span class='ocrx_word' id='word_1_203' title='bbox 118 2596 218 2655; x_wconf 85' lang='lat' dir='ltr'><strong>herus</strong></span> <span class='ocrx_word' id='word_1_204' title='bbox 240 2594 305 2654; x_wconf 88' lang='lat' dir='ltr'><strong>fieri</strong></span> <span class='ocrx_word' id='word_1_205' title='bbox 329 2597 436 2655; x_wconf 90' lang='lat' dir='ltr'><strong>debere</strong></span> <span class='ocrx_word' id='word_1_206' title='bbox 459 2603 559 2655; x_wconf 89' lang='lat' dir='ltr'><strong>censet</strong></span> <span class='ocrx_word' id='word_1_207' title='bbox 582 2599 629 2654; x_wconf 88' lang='lat' dir='ltr'><strong>vel</strong></span> <span class='ocrx_word' id='word_1_208' title='bbox 652 2604 686 2654; x_wconf 88' lang='lat' dir='ltr'><strong>ut</strong></span> <span class='ocrx_word' id='word_1_209' title='bbox 717 2615 782 2670; x_wconf 81' lang='lat' dir='ltr'><strong>ego.</strong></span> <span class='ocrx_word' id='word_1_210' title='bbox 812 2626 853 2636; x_wconf 95' lang='lat'><em>-</em></span> <span class='ocrx_word' id='word_1_211' title='bbox 887 2598 957 2655; x_wconf 81' lang='grc'>273.</span> <span class='ocrx_word' id='word_1_212' title='bbox 991 2592 1024 2656; x_wconf 75' lang='lat' dir='ltr'><strong>Si</strong></span> <span class='ocrx_word' id='word_1_213' title='bbox 1051 2591 1165 2674; x_wconf 73' lang='lat' dir='ltr'><strong>cliyrtrrs</strong></span> <span class='ocrx_word' id='word_1_214' title='bbox 1192 2592 1257 2658; x_wconf 80' lang='lat' dir='ltr'><strong>alio</strong></span> 
     </span>
     <span class='ocr_line' id='line_1_22' title="bbox 116 2695 1257 2780; baseline 0 -21"><span class='ocrx_word' id='word_1_215' title='bbox 116 2700 235 2776; x_wconf 67' lang='lat' dir='ltr'><strong>pam,</strong></span> <span class='ocrx_word' id='word_1_216' title='bbox 271 2720 310 2758; x_wconf 88' lang='lat' dir='ltr'><strong>sc.</strong></span> <span class='ocrx_word' id='word_1_217' title='bbox 332 2707 367 2780; x_wconf 82' lang='lat' dir='ltr'><strong>nt</strong></span> <span class='ocrx_word' id='word_1_218' title='bbox 397 2701 511 2758; x_wconf 84' lang='lat' dir='ltr'><strong>ameris.</strong></span> <span class='ocrx_word' id='word_1_219' title='bbox 540 2729 583 2738; x_wconf 90' lang='lat'>—</span> <span class='ocrx_word' id='word_1_220' title='bbox 616 2698 686 2758; x_wconf 79' lang='grc'>274.</span> <span class='ocrx_word' id='word_1_221' title='bbox 721 2695 859 2758; x_wconf 76' lang='lat' dir='ltr'><strong>Amatur·</strong></span> <span class='ocrx_word' id='word_1_222' title='bbox 881 2703 949 2756; x_wconf 88' lang='lat' dir='ltr'><strong>cett.</strong></span> <span class='ocrx_word' id='word_1_223' title='bbox 974 2700 1036 2758; x_wconf 88' lang='lat' dir='ltr'><strong>cod.</strong></span> <span class='ocrx_word' id='word_1_224' title='bbox 1060 2699 1084 2758; x_wconf 93' lang='lat' dir='ltr'><strong>B</strong></span> <span class='ocrx_word' id='word_1_225' title='bbox 1108 2699 1257 2759; x_wconf 90' lang='lat' dir='ltr'><strong>Pseudolo</strong></span> 
     </span>
     <span class='ocr_line' id='line_1_23' title="bbox 121 2800 1255 2880; baseline 0.001 -20"><span class='ocrx_word' id='word_1_226' title='bbox 121 2803 195 2875; x_wconf 79' lang='lat' dir='ltr'><strong>dat3</strong></span> <span class='ocrx_word' id='word_1_227' title='bbox 220 2802 396 2880; x_wconf 80' lang='lat' dir='ltr'><strong>Cpersonoe</strong></span> <span class='ocrx_word' id='word_1_228' title='bbox 419 2809 519 2860; x_wconf 88' lang='lat' dir='ltr'><strong>notam</strong></span> <span class='ocrx_word' id='word_1_229' title='bbox 539 2821 613 2875; x_wconf 87' lang='lat' dir='ltr'><strong>om.;</strong></span> <span class='ocrx_word' id='word_1_230' title='bbox 642 2801 774 2860; x_wconf 79' lang='lat' dir='ltr'><strong>Calidori</strong></span> <span class='ocrx_word' id='word_1_231' title='bbox 797 2800 887 2860; x_wconf 88' lang='lat' dir='ltr'><strong>verba</strong></span> <span class='ocrx_word' id='word_1_232' title='bbox 911 2821 975 2860; x_wconf 91' lang='lat' dir='ltr'><strong>esse</strong></span> <span class='ocrx_word' id='word_1_233' title='bbox 997 2801 1075 2860; x_wconf 82' lang='lat' dir='ltr'><strong>vidit</strong></span> <span class='ocrx_word' id='word_1_234' title='bbox 1092 2802 1255 2861; x_wconf 81' lang='lat' dir='ltr'><strong>Acidalius.</strong></span> 
     </span>
     <span class='ocr_line' id='line_1_24' title="bbox 122 2901 1256 2982; baseline 0.001 -20"><span class='ocrx_word' id='word_1_235' title='bbox 122 2906 174 2962; x_wconf 82' lang='lat' dir='ltr'><strong>Ad</strong></span> <span class='ocrx_word' id='word_1_236' title='bbox 198 2905 322 2982; x_wconf 84' lang='lat' dir='ltr'><strong>phrasin</strong></span> <span class='ocrx_word' id='word_1_237' title='bbox 353 2905 387 2962; x_wconf 88' lang='lat' dir='ltr'><strong>cf.</strong></span> <span class='ocrx_word' id='word_1_238' title='bbox 411 2905 578 2964; x_wconf 80' lang='lat' dir='ltr'><strong>infra457.</strong></span> <span class='ocrx_word' id='word_1_239' title='bbox 618 2904 686 2962; x_wconf 85' lang='lat' dir='ltr'><strong>Ter.</strong></span> <span class='ocrx_word' id='word_1_240' title='bbox 710 2904 786 2962; x_wconf 83' lang='lat' dir='ltr'><strong>Eun.</strong></span> <span class='ocrx_word' id='word_1_241' title='bbox 808 2906 883 2964; x_wconf 78' lang='lat'>271:</span> <span class='ocrx_word' id='word_1_242' title='bbox 917 2901 1069 2978; x_wconf 82' lang='lat' dir='ltr'><strong>„Statur“.</strong></span> <span class='ocrx_word' id='word_1_243' title='bbox 1104 2905 1186 2963; x_wconf 85' lang='lat' dir='ltr'><strong>Pers.</strong></span> <span class='ocrx_word' id='word_1_244' title='bbox 1209 2907 1256 2963; x_wconf 80' lang='lat'><strong>17.</strong></span> 
     </span>
     <span class='ocr_line' id='line_1_25' title="bbox 122 3003 1254 3085; baseline 0.001 -20"><span class='ocrx_word' id='word_1_245' title='bbox 122 3039 170 3047; x_wconf 93' lang='lat'><strong>—</strong></span> <span class='ocrx_word' id='word_1_246' title='bbox 194 3009 264 3066; x_wconf 76' lang='lat'><strong>277.</strong></span> <span class='ocrx_word' id='word_1_247' title='bbox 281 3003 512 3082; x_wconf 76' lang='lat' dir='ltr'><strong>propemodum</strong></span> <span class='ocrx_word' id='word_1_248' title='bbox 535 3009 570 3082; x_wconf 85' lang='lat' dir='ltr'><strong>A,</strong></span> <span class='ocrx_word' id='word_1_249' title='bbox 594 3027 621 3064; x_wconf 84' lang='lat' dir='ltr'><strong>r.</strong></span> <span class='ocrx_word' id='word_1_250' title='bbox 646 3007 733 3066; x_wconf 66' lang='grc' dir='ltr'><strong>[ὕπο</strong></span> <span class='ocrx_word' id='word_1_251' title='bbox 753 3007 838 3065; x_wconf 80' lang='lat' dir='ltr'><strong>Anal.</strong></span> <span class='ocrx_word' id='word_1_252' title='bbox 858 3028 887 3085; x_wconf 88' lang='lat' dir='ltr'><strong>p.</strong></span> <span class='ocrx_word' id='word_1_253' title='bbox 909 3009 978 3066; x_wconf 78' lang='grc'>167.</span> <span class='ocrx_word' id='word_1_254' title='bbox 1002 3037 1045 3048; x_wconf 94' lang='grc'>-</span> <span class='ocrx_word' id='word_1_255' title='bbox 1069 3009 1139 3066; x_wconf 80' lang='grc'>278.</span> <span class='ocrx_word' id='word_1_256' title='bbox 1163 3003 1254 3084; x_wconf 77' lang='lat' dir='ltr'><strong>qaod,</strong></span> 
     </span>
     <span class='ocr_line' id='line_1_26' title="bbox 123 3109 1256 3188; baseline -0.001 -20"><span class='ocrx_word' id='word_1_257' title='bbox 123 3129 155 3168; x_wconf 86' lang='lat' dir='ltr'><strong>v.</strong></span> <span class='ocrx_word' id='word_1_258' title='bbox 182 3109 220 3169; x_wconf 88' lang='lat' dir='ltr'><strong>ad</strong></span> <span class='ocrx_word' id='word_1_259' title='bbox 239 3109 324 3168; x_wconf 86' lang='lat' dir='ltr'><strong>Cure.</strong></span> <span class='ocrx_word' id='word_1_260' title='bbox 345 3111 414 3169; x_wconf 82' lang='grc'>327.</span> <span class='ocrx_word' id='word_1_261' title='bbox 460 3109 533 3168; x_wconf 90' lang='lat' dir='ltr'><strong>Post</strong></span> <span class='ocrx_word' id='word_1_262' title='bbox 555 3124 735 3169; x_wconf 78' lang='lat' dir='ltr'><strong>revocamus</strong></span> <span class='ocrx_word' id='word_1_263' title='bbox 756 3110 874 3186; x_wconf 88' lang='lat' dir='ltr'><strong>plenius</strong></span> <span class='ocrx_word' id='word_1_264' title='bbox 897 3110 1166 3188; x_wconf 80' lang='lat' dir='ltr'><strong>interpungendum</strong></span> <span class='ocrx_word' id='word_1_265' title='bbox 1192 3129 1256 3168; x_wconf 90' lang='lat' dir='ltr'><strong>esse</strong></span> 
     </span>
     <span class='ocr_line' id='line_1_27' title="bbox 101 3203 1253 3288; baseline -0.003 -18"><span class='ocrx_word' id='word_1_266' title='bbox 101 3203 206 3270; x_wconf 79' lang='lat' dir='ltr'><strong>&#39;vidit</strong></span> <span class='ocrx_word' id='word_1_267' title='bbox 229 3212 322 3288; x_wconf 79' lang='lat' dir='ltr'><strong>Bngg.</strong></span> <span class='ocrx_word' id='word_1_268' title='bbox 346 3213 453 3271; x_wconf 90' lang='lat' dir='ltr'><strong>Philol.</strong></span> <span class='ocrx_word' id='word_1_269' title='bbox 476 3212 578 3271; x_wconf 86' lang='lat' dir='ltr'>XXXI</span> <span class='ocrx_word' id='word_1_270' title='bbox 601 3232 630 3288; x_wconf 91' lang='lat' dir='ltr'><strong>p.</strong></span> <span class='ocrx_word' id='word_1_271' title='bbox 656 3213 727 3271; x_wconf 82' lang='grc'>254.</span> <span class='ocrx_word' id='word_1_272' title='bbox 753 3242 790 3252; x_wconf 91' lang='grc'>-</span> <span class='ocrx_word' id='word_1_273' title='bbox 818 3214 887 3271; x_wconf 79' lang='grc'>270.</span> <span class='ocrx_word' id='word_1_274' title='bbox 911 3206 1030 3288; x_wconf 69' lang='lat' dir='ltr'><strong>Atque,</strong></span> <span class='ocrx_word' id='word_1_275' title='bbox 1059 3233 1087 3273; x_wconf 86' lang='lat' dir='ltr'><strong>v.</strong></span> <span class='ocrx_word' id='word_1_276' title='bbox 1112 3213 1149 3271; x_wconf 91' lang='lat' dir='ltr'><strong>ad</strong></span> <span class='ocrx_word' id='word_1_277' title='bbox 1172 3214 1253 3271; x_wconf 79' lang='lat' dir='ltr'><strong>Asin.</strong></span> 
     </span>
     <span class='ocr_line' id='line_1_28' title="bbox 127 3315 1255 3391; baseline -0.002 -17"><span class='ocrx_word' id='word_1_278' title='bbox 127 3317 200 3374; x_wconf 85' lang='grc'>607.</span> <span class='ocrx_word' id='word_1_279' title='bbox 224 3345 267 3354; x_wconf 91' lang='lat'><em>-</em></span> <span class='ocrx_word' id='word_1_280' title='bbox 288 3315 331 3388; x_wconf 80' lang='lat' dir='ltr'><strong>ul,</strong></span> <span class='ocrx_word' id='word_1_281' title='bbox 355 3316 397 3386; x_wconf 78' lang='grc' dir='ltr'><strong>ὡς,</strong></span> <span class='ocrx_word' id='word_1_282' title='bbox 421 3318 568 3391; x_wconf 82' lang='lat' dir='ltr'><strong>quoniam,</strong></span> <span class='ocrx_word' id='word_1_283' title='bbox 593 3335 669 3388; x_wconf 87' lang='lat' dir='ltr'><strong>nam,</strong></span> <span class='ocrx_word' id='word_1_284' title='bbox 694 3316 729 3374; x_wconf 88' lang='lat' dir='ltr'><strong>cf.</strong></span> <span class='ocrx_word' id='word_1_285' title='bbox 749 3315 815 3374; x_wconf 88' lang='lat' dir='ltr'><strong>Ter.</strong></span> <span class='ocrx_word' id='word_1_286' title='bbox 839 3315 931 3373; x_wconf 88' lang='lat' dir='ltr'><strong>Andr.</strong></span> <span class='ocrx_word' id='word_1_287' title='bbox 956 3318 1033 3374; x_wconf 81' lang='lat'><strong>738:</strong></span> <span class='ocrx_word' id='word_1_288' title='bbox 1059 3322 1112 3388; x_wconf 88' lang='lat' dir='ltr'><strong>„ut</strong></span> <span class='ocrx_word' id='word_1_289' title='bbox 1133 3321 1165 3374; x_wconf 90' lang='lat' dir='ltr'><strong>tu</strong></span> <span class='ocrx_word' id='word_1_290' title='bbox 1189 3317 1255 3391; x_wconf 91' lang='lat' dir='ltr'><strong>plus</strong></span> 
     </span>
     <span class='ocr_line' id='line_1_29' title="bbox 125 3412 1274 3502; baseline 0 -28"><span class='ocrx_word' id='word_1_291' title='bbox 125 3412 244 3474; x_wconf 85' lang='lat' dir='ltr'><strong>nides“.</strong></span> <span class='ocrx_word' id='word_1_292' title='bbox 295 3417 368 3477; x_wconf 88' lang='lat' dir='ltr'><strong>Hor.</strong></span> <span class='ocrx_word' id='word_1_293' title='bbox 393 3418 455 3476; x_wconf 87' lang='lat' dir='ltr'><strong>Sat.</strong></span> <span class='ocrx_word' id='word_1_294' title='bbox 478 3417 507 3490; x_wconf 91' lang='lat' dir='ltr'><strong>I,</strong></span> <span class='ocrx_word' id='word_1_295' title='bbox 532 3420 566 3491; x_wconf 86' lang='lat'><strong>9,</strong></span> <span class='ocrx_word' id='word_1_296' title='bbox 591 3417 648 3476; x_wconf 78' lang='lat'><strong>42:</strong></span> <span class='ocrx_word' id='word_1_297' title='bbox 687 3437 773 3493; x_wconf 81' lang='lat' dir='ltr'><strong>„ego,</strong></span> <span class='ocrx_word' id='word_1_298' title='bbox 808 3425 842 3476; x_wconf 87' lang='lat' dir='ltr'><strong>ut</strong></span> <span class='ocrx_word' id='word_1_299' title='bbox 870 3420 1048 3476; x_wconf 77' lang='lat' dir='ltr'><strong>contendere</strong></span> <span class='ocrx_word' id='word_1_300' title='bbox 1076 3417 1181 3476; x_wconf 89' lang='lat' dir='ltr'><strong>durum</strong></span> <span class='ocrx_word' id='word_1_301' title='bbox 1211 3425 1274 3502; x_wconf 25' lang='lat' dir='ltr'><strong>est·</strong></span> 
     </span>
     <span class='ocr_line' id='line_1_30' title="bbox 127 3515 1253 3596; baseline -0.001 -19"><span class='ocrx_word' id='word_1_302' title='bbox 127 3539 193 3578; x_wconf 88' lang='lat' dir='ltr'><strong>oum</strong></span> <span class='ocrx_word' id='word_1_303' title='bbox 217 3520 340 3592; x_wconf 81' lang='lat' dir='ltr'><strong>victore,</strong></span> <span class='ocrx_word' id='word_1_304' title='bbox 363 3515 501 3596; x_wconf 85' lang='lat' dir='ltr'><strong>sequor“.</strong></span> <span class='ocrx_word' id='word_1_305' title='bbox 558 3519 702 3578; x_wconf 84' lang='lat' dir='ltr'><strong>Similiter</strong></span> <span class='ocrx_word' id='word_1_306' title='bbox 728 3518 839 3592; x_wconf 84' lang='lat' dir='ltr'><strong>,‚sicut“</strong></span> <span class='ocrx_word' id='word_1_307' title='bbox 872 3521 951 3578; x_wconf 82' lang='lat' dir='ltr'><strong>infra</strong></span> <span class='ocrx_word' id='word_1_308' title='bbox 975 3522 1044 3587; x_wconf 81' lang='lat'>375,</span> <span class='ocrx_word' id='word_1_309' title='bbox 1069 3520 1104 3578; x_wconf 83' lang='lat' dir='ltr'><strong>cl.</strong></span> <span class='ocrx_word' id='word_1_310' title='bbox 1129 3520 1167 3578; x_wconf 92' lang='lat' dir='ltr'><strong>ad</strong></span> <span class='ocrx_word' id='word_1_311' title='bbox 1190 3520 1253 3577; x_wconf 89' lang='lat' dir='ltr'><strong>ldil.</strong></span> 
     </span>
     <span class='ocr_line' id='line_1_31' title="bbox 129 3617 1256 3699; baseline 0 -19"><span class='ocrx_word' id='word_1_312' title='bbox 129 3624 205 3694; x_wconf 83' lang='lat'>520,</span> <span class='ocrx_word' id='word_1_313' title='bbox 238 3617 373 3695; x_wconf 72' lang='lat' dir='ltr'><strong>„ia‚ut“</strong></span> <span class='ocrx_word' id='word_1_314' title='bbox 400 3622 466 3682; x_wconf 89' lang='lat' dir='ltr'><strong>Ter.</strong></span> <span class='ocrx_word' id='word_1_315' title='bbox 491 3623 583 3680; x_wconf 79' lang='lat' dir='ltr'><strong>Andr.</strong></span> <span class='ocrx_word' id='word_1_316' title='bbox 610 3623 648 3680; x_wconf 79' lang='lat'><strong>77</strong></span> <span class='ocrx_word' id='word_1_317' title='bbox 672 3643 716 3699; x_wconf 89' lang='lat' dir='ltr'><strong>sq.</strong></span> <span class='ocrx_word' id='word_1_318' title='bbox 750 3651 791 3662; x_wconf 92' lang='lat'><em>-</em></span> <span class='ocrx_word' id='word_1_319' title='bbox 827 3624 886 3681; x_wconf 88' lang='grc'>280</span> <span class='ocrx_word' id='word_1_320' title='bbox 917 3643 959 3698; x_wconf 89' lang='lat' dir='ltr'><strong>sq.</strong></span> <span class='ocrx_word' id='word_1_321' title='bbox 995 3623 1143 3681; x_wconf 82' lang='lat' dir='ltr'><strong>Pseudolo</strong></span> <span class='ocrx_word' id='word_1_322' title='bbox 1173 3622 1256 3680; x_wconf 89' lang='lat' dir='ltr'><strong>dedit</strong></span> 
     </span>
     <span class='ocr_line' id='line_1_32' title="bbox 127 3719 1253 3802; baseline 0.002 -20"><span class='ocrx_word' id='word_1_323' title='bbox 127 3724 173 3782; x_wconf 93' lang='lat' dir='ltr'><strong>ed.</strong></span> <span class='ocrx_word' id='word_1_324' title='bbox 197 3744 243 3801; x_wconf 90' lang='lat' dir='ltr'><strong>pr.</strong></span> <span class='ocrx_word' id='word_1_325' title='bbox 268 3753 310 3762; x_wconf 89' lang='lat'>—</span> <span class='ocrx_word' id='word_1_326' title='bbox 329 3721 426 3800; x_wconf 79' lang='lat' dir='ltr'><strong>pudet</strong></span> <span class='ocrx_word' id='word_1_327' title='bbox 439 3769 466 3784; x_wconf 90' lang='lat'><strong>..</strong></span> <span class='ocrx_word' id='word_1_328' title='bbox 482 3771 488 3783; x_wconf 90' lang='lat'><strong>.</strong></span> <span class='ocrx_word' id='word_1_329' title='bbox 502 3719 577 3802; x_wconf 77' lang='lat' dir='ltr'><strong>quia</strong></span> <span class='ocrx_word' id='word_1_330' title='bbox 594 3725 823 3801; x_wconf 80' lang='lat' dir='ltr'><strong>iungendesunt</strong></span> <span class='ocrx_word' id='word_1_331' title='bbox 842 3732 876 3782; x_wconf 90' lang='lat' dir='ltr'><strong>ut</strong></span> <span class='ocrx_word' id='word_1_332' title='bbox 894 3726 971 3798; x_wconf 83' lang='grc'>283,</span> <span class='ocrx_word' id='word_1_333' title='bbox 995 3745 1022 3784; x_wconf 88' lang='lat' dir='ltr'><strong>v.</strong></span> <span class='ocrx_word' id='word_1_334' title='bbox 1046 3724 1083 3782; x_wconf 86' lang='lat' dir='ltr'><strong>ad</strong></span> <span class='ocrx_word' id='word_1_335' title='bbox 1102 3725 1183 3783; x_wconf 82' lang='lat' dir='ltr'><strong>Asin.</strong></span> <span class='ocrx_word' id='word_1_336' title='bbox 1204 3730 1253 3786; x_wconf 82' lang='lat'><strong>55.</strong></span> 
     </span>
     <span class='ocr_line' id='line_1_33' title="bbox 127 3819 1252 3905; baseline -0.002 -20"><span class='ocrx_word' id='word_1_337' title='bbox 127 3859 170 3866; x_wconf 90' lang='lat'>-</span> <span class='ocrx_word' id='word_1_338' title='bbox 186 3819 345 3904; x_wconf 71' lang='lat' dir='ltr'><strong>perdicit</strong></span> <span class='ocrx_word' id='word_1_339' title='bbox 360 3821 522 3901; x_wconf 79' lang='lat' dir='ltr'><strong>promisit,</strong></span> <span class='ocrx_word' id='word_1_340' title='bbox 546 3841 733 3905; x_wconf 79' lang='lat' dir='ltr'><strong>quamquem</strong></span> <span class='ocrx_word' id='word_1_341' title='bbox 753 3823 797 3902; x_wconf 82' lang='lat' dir='ltr'><strong>id,</strong></span> <span class='ocrx_word' id='word_1_342' title='bbox 821 3825 856 3885; x_wconf 85' lang='lat' dir='ltr'><strong>cf.</strong></span> <span class='ocrx_word' id='word_1_343' title='bbox 871 3829 940 3886; x_wconf 80' lang='lat'><strong>109.</strong></span> <span class='ocrx_word' id='word_1_344' title='bbox 959 3857 1002 3866; x_wconf 92' lang='lat'><strong>—</strong></span> <span class='ocrx_word' id='word_1_345' title='bbox 1021 3823 1076 3886; x_wconf 79' lang='lat' dir='ltr'><strong>dia</strong></span> <span class='ocrx_word' id='word_1_346' title='bbox 1094 3827 1252 3904; x_wconf 80' lang='lat' dir='ltr'><strong>Kiessling.</strong></span> 
     </span>
     <span class='ocr_line' id='line_1_34' title="bbox 127 3929 1253 4007; baseline -0.001 -19"><span class='ocrx_word' id='word_1_347' title='bbox 127 3930 205 3988; x_wconf 86' lang='lat' dir='ltr'><strong>Mus.</strong></span> <span class='ocrx_word' id='word_1_348' title='bbox 234 3929 327 3988; x_wconf 87' lang='lat' dir='ltr'><strong>Rhen.</strong></span> <span class='ocrx_word' id='word_1_349' title='bbox 351 3929 453 3988; x_wconf 90' lang='lat' dir='ltr'>XXIII</span> <span class='ocrx_word' id='word_1_350' title='bbox 480 3951 510 4007; x_wconf 90' lang='lat' dir='ltr'><strong>p.</strong></span> <span class='ocrx_word' id='word_1_351' title='bbox 535 3931 612 4004; x_wconf 78' lang='lat'>4153</span> <span class='ocrx_word' id='word_1_352' title='bbox 650 3930 795 3988; x_wconf 87' lang='lat' dir='ltr'><strong>edebatur</strong></span> <span class='ocrx_word' id='word_1_353' title='bbox 824 3949 929 4006; x_wconf 84' lang='lat' dir='ltr'><strong>perum</strong></span> <span class='ocrx_word' id='word_1_354' title='bbox 958 3930 1086 3987; x_wconf 86' lang='lat' dir='ltr'><strong>feliciter</strong></span> <span class='ocrx_word' id='word_1_355' title='bbox 1117 3949 1253 4006; x_wconf 88' lang='lat' dir='ltr'><strong>„quaque</strong></span> 
     </span>
     <span class='ocr_line' id='line_1_35' title="bbox 129 4028 1252 4108; baseline 0 -18"><span class='ocrx_word' id='word_1_356' title='bbox 129 4029 271 4092; x_wconf 86' lang='lat' dir='ltr'><strong>...die“.</strong></span> <span class='ocrx_word' id='word_1_357' title='bbox 297 4061 333 4070; x_wconf 89' lang='lat'><strong>—</strong></span> <span class='ocrx_word' id='word_1_358' title='bbox 357 4045 422 4091; x_wconf 73' lang='lat' dir='ltr'><strong>nort</strong></span> <span class='ocrx_word' id='word_1_359' title='bbox 445 4028 549 4104; x_wconf 78' lang='lat' dir='ltr'><strong>etiam,</strong></span> <span class='ocrx_word' id='word_1_360' title='bbox 569 4032 709 4104; x_wconf 88' lang='lat' dir='ltr'><strong>nondum,</strong></span> <span class='ocrx_word' id='word_1_361' title='bbox 734 4033 769 4090; x_wconf 85' lang='lat' dir='ltr'><strong>cf.</strong></span> <span class='ocrx_word' id='word_1_362' title='bbox 794 4033 832 4091; x_wconf 85' lang='lat' dir='ltr'><strong>ad</strong></span> <span class='ocrx_word' id='word_1_363' title='bbox 854 4032 944 4091; x_wconf 82' lang='lat' dir='ltr'><strong>Most.</strong></span> <span class='ocrx_word' id='word_1_364' title='bbox 965 4034 1034 4091; x_wconf 86' lang='grc'>369.</span> <span class='ocrx_word' id='word_1_365' title='bbox 1058 4062 1101 4072; x_wconf 92' lang='lat'><em>-</em></span> <span class='ocrx_word' id='word_1_366' title='bbox 1124 4034 1185 4090; x_wconf 90' lang='grc'><strong>282</strong></span> <span class='ocrx_word' id='word_1_367' title='bbox 1208 4051 1252 4108; x_wconf 89' lang='lat' dir='ltr'><strong>sq.</strong></span> 
     </span>
     <span class='ocr_line' id='line_1_36' title="bbox 128 4129 1253 4212; baseline -0.002 -18"><span class='ocrx_word' id='word_1_368' title='bbox 128 4135 215 4194; x_wconf 78' lang='lat' dir='ltr'><strong>effert</strong></span> <span class='ocrx_word' id='word_1_369' title='bbox 236 4133 350 4194; x_wconf 85' lang='lat' dir='ltr'><strong>Nonius</strong></span> <span class='ocrx_word' id='word_1_370' title='bbox 380 4154 410 4211; x_wconf 91' lang='lat' dir='ltr'><strong>p.</strong></span> <span class='ocrx_word' id='word_1_371' title='bbox 435 4135 505 4194; x_wconf 89' lang='grc'>423.</span> <span class='ocrx_word' id='word_1_372' title='bbox 537 4165 581 4174; x_wconf 93' lang='grc'><strong>-</strong></span> <span class='ocrx_word' id='word_1_373' title='bbox 611 4130 731 4212; x_wconf 75' lang='lat' dir='ltr'><strong>fertur,</strong></span> <span class='ocrx_word' id='word_1_374' title='bbox 764 4137 918 4194; x_wconf 88' lang='lat' dir='ltr'><strong>toleratur.</strong></span> <span class='ocrx_word' id='word_1_375' title='bbox 948 4164 989 4173; x_wconf 91' lang='lat'>—</span> <span class='ocrx_word' id='word_1_376' title='bbox 1024 4135 1094 4193; x_wconf 86' lang='grc'>283.</span> <span class='ocrx_word' id='word_1_377' title='bbox 1129 4129 1253 4193; x_wconf 76' lang='lat' dir='ltr'><strong>dedisse</strong></span> 
     </span>
     <span class='ocr_line' id='line_1_37' title="bbox 127 4231 1251 4314; baseline -0.001 -18"><span class='ocrx_word' id='word_1_378' title='bbox 127 4233 230 4297; x_wconf 74' lang='lat' dir='ltr'><strong>istunc</strong></span> <span class='ocrx_word' id='word_1_379' title='bbox 257 4238 284 4295; x_wconf 81' lang='lat' dir='ltr'>A</span> <span class='ocrx_word' id='word_1_380' title='bbox 312 4243 342 4295; x_wconf 90' lang='lat' dir='ltr'><strong>et</strong></span> <span class='ocrx_word' id='word_1_381' title='bbox 368 4237 493 4296; x_wconf 87' lang='lat' dir='ltr'><strong>Nonius.</strong></span> <span class='ocrx_word' id='word_1_382' title='bbox 528 4267 571 4278; x_wconf 91' lang='lat'>-</span> <span class='ocrx_word' id='word_1_383' title='bbox 605 4239 676 4296; x_wconf 89' lang='grc'>284.</span> <span class='ocrx_word' id='word_1_384' title='bbox 711 4231 837 4314; x_wconf 73' lang='lat' dir='ltr'><strong>aliquos</strong></span> <span class='ocrx_word' id='word_1_385' title='bbox 865 4245 895 4296; x_wconf 88' lang='lat' dir='ltr'><strong>et</strong></span> <span class='ocrx_word' id='word_1_386' title='bbox 922 4257 975 4313; x_wconf 83' lang='lat' dir='ltr'><strong>ego</strong></span> <span class='ocrx_word' id='word_1_387' title='bbox 1009 4237 1079 4294; x_wconf 91' lang='lat' dir='ltr'><strong>olim</strong></span> <span class='ocrx_word' id='word_1_388' title='bbox 1108 4243 1138 4294; x_wconf 89' lang='lat' dir='ltr'><strong>et</strong></span> <span class='ocrx_word' id='word_1_389' title='bbox 1167 4236 1251 4295; x_wconf 81' lang='lat' dir='ltr'><strong>Mtill.</strong></span> 
     </span>
     <span class='ocr_line' id='line_1_38' title="bbox 127 4333 1253 4416; baseline 0 -18"><span class='ocrx_word' id='word_1_390' title='bbox 127 4339 248 4400; x_wconf 83' lang='lat' dir='ltr'><strong>Nachtr.</strong></span> <span class='ocrx_word' id='word_1_391' title='bbox 277 4359 306 4416; x_wconf 91' lang='lat' dir='ltr'><strong>p.</strong></span> <span class='ocrx_word' id='word_1_392' title='bbox 332 4341 386 4412; x_wconf 84' lang='lat'><strong>33,</strong></span> <span class='ocrx_word' id='word_1_393' title='bbox 416 4339 451 4398; x_wconf 85' lang='lat' dir='ltr'><strong>cf.</strong></span> <span class='ocrx_word' id='word_1_394' title='bbox 477 4341 537 4399; x_wconf 88' lang='grc'><strong>322</strong></span> <span class='ocrx_word' id='word_1_395' title='bbox 561 4345 591 4398; x_wconf 86' lang='lat' dir='ltr'><strong>et</strong></span> <span class='ocrx_word' id='word_1_396' title='bbox 614 4346 713 4400; x_wconf 84' lang='lat' dir='ltr'><strong>annot.</strong></span> <span class='ocrx_word' id='word_1_397' title='bbox 737 4339 775 4399; x_wconf 86' lang='lat' dir='ltr'><strong>ad</strong></span> <span class='ocrx_word' id='word_1_398' title='bbox 798 4339 877 4400; x_wconf 89' lang='lat' dir='ltr'><strong>Men.</strong></span> <span class='ocrx_word' id='word_1_399' title='bbox 903 4341 973 4400; x_wconf 86' lang='grc'>031.</span> <span class='ocrx_word' id='word_1_400' title='bbox 1004 4369 1042 4381; x_wconf 88' lang='grc'>-</span> <span class='ocrx_word' id='word_1_401' title='bbox 1073 4341 1143 4399; x_wconf 82' lang='grc'>285.</span> <span class='ocrx_word' id='word_1_402' title='bbox 1167 4333 1253 4400; x_wconf 83' lang='lat' dir='ltr'><strong>Nam</strong></span> 
     </span>
    </p>
   </div>
   <div class='ocr_carea' id='block_1_3' title="bbox 0 0 1507 5000">
    <p class='ocr_par' dir='ltr' id='par_1_4' title="bbox 0 0 1507 5000">
     <span class='ocr_line' id='line_1_39' title="bbox 0 0 1507 5000; baseline 0 0"><span class='ocrx_word' id='word_1_403' title='bbox 0 0 1507 5000; x_wconf 95' lang='lat' dir='ltr'><strong> </strong></span> 
     </span>
    </p>
   </div>
  </div>
 </body>
</html>
