2954 5002
576 458 737 514 Pseudolus.

542 648 775 713 Pseudolus

491 757 561 822 Iam
583 757 632 820 illi
655 763 767 821 notust
789 755 892 836 filius,

89 866 215 931 Occisa
238 873 290 931 est
312 865 393 930 haec
416 885 478 946 res,
501 865 616 930 haeret
638 864 701 928 hoc
722 867 898 946 negotium.

88 974 169 1052 Quo
192 976 226 1038 in
248 981 454 1039 conmeatum
477 973 568 1039 uolui
592 973 812 1056 argentarium

89 1081 273 1162 Proficisci,
297 1081 343 1146 ibi
366 1103 452 1146 nune
475 1082 596 1166 oppido
619 1081 779 1164 obsaepta
801 1086 851 1145 cst
874 1081 937 1145 uia.

89 1189 302 1270 Praesensit;
325 1189 407 1254 nihil
431 1197 481 1254 est
504 1190 646 1274 praedae
670 1187 929 1274 praedatoribus.

572 1353 760 1438 Callipho

92 1463 256 1528 Homines
280 1464 336 1544 qui
359 1469 488 1546 gestant
511 1463 632 1546 quique
655 1462 842 1526 auscultant
865 1461 1009 1538 crimine,

92 1571 130 1636 Si
156 1593 229 1636 meo
253 1571 418 1636 arbitratu
441 1571 548 1647 liceat,
574 1591 685 1635 omnes
709 1570 882 1653 pendeant,

93 1679 258 1746 Gestores
281 1679 412 1760 linguis,
435 1678 602 1744 auditores
626 1678 768 1744 auribus.

93 1789 182 1854 Nam
205 1789 310 1852 istaec
333 1807 417 1869 quae
441 1786 502 1852 tibi
525 1789 768 1864 renuntiantur,
792 1785 893 1849 filium

94 1897 143 1962 Te
167 1893 252 1960 uelle
275 1903 438 1960 amantem
461 1902 597 1976 argento
621 1892 875 1970 circumducere,

95 2003 181 2069 Fors
205 2003 279 2068 luat
299 2025 339 2068 an
362 2005 465 2068 istaec
488 2003 578 2068 dicta
601 2005 666 2068 sint
688 2003 868 2068 mendacia.

96 2111 165 2177 Sed
189 2113 217 2177 si
240 2113 304 2176 sint
328 2131 366 2175 ea
388 2132 478 2190 uera,
503 2118 540 2176 ut
562 2132 648 2176 nunc
672 2131 743 2175 mos
766 2117 826 2188 est,
851 2129 1008 2187 maxume,

98 2217 188 2295 Quid
212 2222 330 2284 mirum
351 2219 443 2298 iecit,
467 2220 547 2303 quid
569 2241 698 2298 nouom,
723 2219 913 2284 adulescens
935 2215 1031 2282 homo

99 2327 136 2392 si
160 2335 259 2406 amat,
283 2329 311 2393 si
334 2330 474 2392 amicam
496 2329 639 2392 liberat?
714 2315 717 2322 ⁴

546 2502 779 2568 Pseudolus

688 2612 847 2695 Lepidum
871 2631 990 2676 senem.

612 2783 721 2848 Simo

101 2891 204 2958 Uetus
228 2890 303 2956 nolo
327 2891 436 2956 faciat.

569 3031 756 3116 Callipho

495 3141 536 3205 At
559 3143 645 3207 enim
667 3143 867 3224 nequiquam
890 3140 1001 3217 neuis3

103 3249 161 3316 Uel
184 3259 221 3315 tu
243 3271 283 3315 ne
306 3248 431 3314 laceres
454 3250 521 3314 tale
544 3251 577 3313 in
601 3249 834 3314 adulescentia.

103 3357 244 3424 Probum
268 3365 394 3441 patrem
419 3378 488 3422 esse
512 3365 651 3441 oportet,
676 3359 732 3440 qui
755 3364 890 3436 gnatum
914 3375 1007 3419 suum

104 3466 183 3532 Esse
206 3454 394 3550 probiorem
419 3487 516 3549 quam
539 3467 631 3549 ipsus
654 3465 752 3530 fuerit
775 3462 928 3548 postulet.
1003 3495 1007 3504 .

106 3575 186 3640 Nam
209 3583 246 3638 tu
269 3575 359 3657 quod
382 3575 492 3639 damni
517 3581 550 3639 et
573 3575 661 3656 quod
685 3573 788 3638 fecisti
811 3569 915 3653 flagiti

106 3681 231 3768 Populo
254 3683 379 3746 uiritim
402 3685 508 3766 potuit
531 3681 745 3764 dispertirier.

107 3789 142 3854 ld
165 3811 252 3856 nunc
274 3791 403 3870 mirare,
430 3792 458 3854 si
481 3791 639 3873 patrissat
661 3787 770 3854 filius?

173 4003 225 4052 424
243 3999 315 4067 Quin
334 4005 520 4052 commeatum
590 4000 667 4052 uolui
736 4001 787 4052 424
806 4013 875 4066 opsa
892 3993 1033 4064 eptastula
1051 3991 1105 4048 Bc
1177 3993 1227 4044 426

108 4083 159 4137 CA
179 4084 273 4138 4440
343 4085 472 4138 suuribus
491 4083 518 4138 B
593 4087 645 4136 430
662 4083 775 4137 ietan
841 4083 892 4134 432
911 4079 1040 4132 Forsitan
1058 4095 1090 4131 ea
1109 4077 1160 4131 sibi
1178 4077 1230 4130 BG

179 4168 285 4224 suntO
351 4173 540 4223 asseruero
560 4168 694 4222 suutBO
787 4185 847 4220 mos
866 4163 959 4220 om.0
1030 4179 1157 4216 maxume
1176 4162 1227 4214 tibi

110 4257 270 4309 renuntiant
290 4255 315 4307 A
384 4256 435 4308 434
452 4271 538 4308 noum
557 4253 582 4305 A
648 4256 699 4307 435
717 4253 766 4306 PS.
785 4251 882 4308 om.G
940 4251 990 4304 436
1007 4247 1091 4316 nequi
1109 4253 1138 4301 at
1155 4247 1228 4302 enim

109 4357 191 4408 quam
210 4342 235 4394 A
301 4343 351 4393 442
369 4358 404 4394 ne
423 4345 453 4394 tu
472 4338 564 4392 mirari
