2982 5000
238 427 299 490 203
754 419 846 476 Plauti
1161 415 1196 485 V,
1216 418 1240 484 5,
1258 415 1372 471 43-66

615 663 620 674 .
669 607 934 675 Anterastilis

238 717 302 796 Qui
319 717 385 784 tibi
407 717 520 794 lubido
543 723 602 797 eet,
627 717 774 794 obsecro,
799 715 1062 794 Antomoenidee,
1297 731 1373 784 lero

239 826 343 911 Loqui
365 825 576 892 inclementer
597 831 711 891 nostro
734 830 872 907 cognato
895 831 929 888 et
952 823 1061 906 petri?

238 934 321 999 Nem
344 933 397 998 hio
419 940 529 999 noster
551 939 646 1017 peter
668 939 728 1010 eet,
751 931 806 998 hio
828 952 888 997 noe
911 933 1065 1014 cognouit
1087 931 1184 997 modo

237 1041 281 1108 Et
302 1041 390 1108 hune
412 1041 462 1107 eui
485 1039 598 1108 fratris
622 1039 734 1106 filium.

645 1159 956 1226 Antamoenidee

770 1267 823 1332 Itn
846 1288 896 1332 me
919 1265 1068 1351 Iuppiter

238 1377 326 1442 Bene
349 1381 445 1454 emet,
468 1373 550 1440 bene
572 1373 714 1440 ieotumi
760 1375 895 1440 Gaudeo
919 1381 952 1440 et
974 1375 1075 1458 nolup
1097 1382 1147 1442 eet
1170 1373 1257 1453 mihi,

239 1485 272 1550 Si
295 1484 375 1569 quid
397 1483 506 1550 lenoni
530 1483 647 1566 optigit
670 1484 781 1565 magni
805 1483 892 1561 meli,
1300 1500 1373 1554 1325

240 1591 411 1677 Quomque
434 1611 452 1657 e
474 1592 596 1656 uirtute
619 1589 713 1656 nobie
735 1591 868 1657 fortuna
892 1591 1021 1676 optigit.
1143 1605 1147 1618 ’

664 1709 938 1776 Anterastilis

240 1817 402 1885 Credibile
425 1827 553 1884 ecastor
576 1815 669 1898 dioit;
694 1818 790 1884 erede
814 1819 899 1894 huie,
924 1819 965 1882 mi
989 1826 1093 1902 peter.

595 1975 609 2004 ι
731 1949 870 2014 Hanno

241 2029 357 2097 Credo.

659 2119 943 2201 Aporostooles

401 2225 443 2292 Et
466 2247 526 2310 ego
550 2225 657 2293 oredo.
679 2236 685 2248 ’
704 2227 768 2294 Sed
792 2249 902 2293 eeoum
924 2228 1090 2308 lenonem3
1114 2234 1242 2311 optume

239 2332 365 2398 Bonum
389 2335 500 2402 uirum
521 2355 632 2400 eeoum
655 2335 751 2401 uideo
775 2336 964 2401 redeuntem
988 2337 1129 2402 domum.

725 2453 880 2539 [Hanno

243 2536 322 2615 Quis
345 2538 399 2604 hio
422 2539 494 2605 eet?

660 2649 949 2732 Aporaetotlee

533 2753 650 2820 Utrum
673 2757 723 2822 uie
747 2764 797 2821 est
819 2757 873 2822 uel
897 2757 971 2822 leno
996 2755 1049 2822 nel
1071 2755 1185 2840 Lycus.
1301 2772 1375 2826 1330

241 2859 279 2926 In
303 2863 461 2927 seruitute
484 2861 538 2927 hio
559 2861 646 2929 filine
669 2863 785 2929 hebuit
807 2874 889 2942 tuae,

242 2969 284 3033 Et
306 2970 385 3034 mihi
408 2969 462 3036 hio
485 2972 557 3035 ouri
580 2970 632 3036 fur
655 2981 715 3036 eet.

738 3092 875 3157 Hanno

748 3199 874 3265 Bellum
897 3200 1068 3277 hominem,
1093 3219 1188 3281 quem
1211 3197 1374 3280 noueris]

662 3319 951 3402 Aporootoeles

245 3425 425 3507 Rapiamus
448 3427 481 3489 in
505 3427 564 3491 ins.

739 3535 876 3600 Hanno

614 3643 766 3708 Minume.

317 3869 383 3920 1320
400 3865 472 3935 Quid
544 3885 572 3920 ee
590 3866 649 3934 Bo,
667 3868 763 3922 om.A
834 3869 941 3924 oleoero
960 3867 987 3923 Β
1057 3875 1152 3923 entem
1171 3869 1317 3926 moenidee
1335 3868 1372 3936 Β1

247 3952 501 4007 AntomonedeeO
575 3955 638 4008 1321
659 3954 844 4008 inolenemter
861 3953 889 4008 B
969 3956 1035 4009 1325
1053 3953 1166 4024 quidem
1184 3953 1238 4010 Bo
1306 3957 1376 4009 1327

248 4037 397 4092 Credibille
414 4036 443 4092 B
507 4040 571 4092 1323
590 4039 721 4093 lenonem
740 4039 845 4108 Lycum
863 4039 914 4094 Bc
981 4039 1019 4094 In
1036 4040 1062 4094 A
1084 4043 1221 4109 sequitur:
1239 4039 1320 4095 Orod.
1338 4039 1375 4107 :tss

247 4127 276 4175 at
295 4139 348 4190 ego
368 4123 452 4177 oredo
469 4122 504 4192 dss
522 4124 678 4193 edepol
694 4125 773 4178 uenit
795 4125 960 4180 commodus
1041 4127 1106 4180 1323
1124 4123 1206 4180 uideo
1225 4141 1255 4178 ee
1272 4125 1375 4194 recipit

247 4207 362 4262 domum
381 4207 434 4262 Bo
496 4208 540 4263 Ao
560 4210 626 4264 1330
645 4207 789 4264 Utrumnie
809 4211 847 4264 od
867 4213 932 4264 1332
949 4211 1062 4265 noueris
1080 4227 1130 4266 om.
1149 4211 1176 4264 A
1247 4211 1313 4265 1330
1331 4215 1375 4264 eet

248 4293 312 4346 leno
332 4293 409 4361 lyons
427 4293 460 4360 Β,
480 4299 523 4348 eet
541 4295 603 4350 leno
622 4295 700 4363 lyeue
721 4293 744 4350 0
811 4298 877 4350 1333
896 4297 972 4350 intus
991 4294 1043 4351 ΒΟ
