2954 5002
90 465 134 532 Π,
155 467 183 532 2,
203 467 297 534 'ro-3,
317 467 349 518 19
586 463 747 518 Pseudolus·
1187 473 1228 532 57

551 653 777 720 Pseudolus
804 705 806 708 .

786 765 894 846 Atque
917 762 1026 842 audin,
1050 761 1229 847 Harpage?

90 871 180 937 lube
207 874 251 937 sis
275 879 307 937 te
330 873 465 954 operiri;
489 871 605 936 beatus
629 871 703 948 eris,
727 871 755 935 si
778 870 1020 936 consudeueris.

91 1089 136 1154 Di
163 1089 367 1166 inmortales,
391 1089 600 1154 conseruauit
624 1108 674 1152 me
697 1087 765 1151 illic
787 1086 883 1151 homo
907 1085 1052 1151 aduentu
1077 1109 1152 1168 su03
1175 1107 1231 1159 670

93 1196 166 1262 Suo
193 1199 315 1262 uiatico
338 1197 492 1262 redduxit
514 1217 565 1261 me
587 1215 691 1280 usque
715 1216 755 1260 ex
778 1215 888 1260 errore
912 1195 945 1258 in
968 1195 1066 1260 uiam.

91 1304 254 1388 Namque
277 1307 350 1388 ipsa
372 1303 607 1388 Opportunitas
630 1325 694 1368 uon
718 1303 827 1387 potuit
850 1301 928 1366 milri
952 1305 1167 1387 opportunius

92 1413 278 1489 Aduenire,
303 1433 401 1496 quam
424 1411 506 1477 haec
529 1411 643 1476 adlata
666 1417 716 1475 est
738 1410 817 1475 mihi
840 1417 1024 1494 opportune
1048 1413 1199 1495 epistula.

92 1521 186 1587 Nam
205 1521 287 1586 haec
307 1521 420 1586 adlata
439 1541 539 1584 cornu
560 1520 673 1602 copiae
693 1525 752 1596 est,
777 1519 833 1584 ubi
850 1520 936 1585 inest
954 1521 1114 1604 quidquid
1134 1523 1228 1604 uolo,

94 1630 163 1695 Hic
189 1629 266 1708 doli,
290 1630 344 1694 hic
367 1628 518 1694 fallaciae
542 1648 662 1705 omnent,
686 1627 739 1692 hic
762 1634 837 1692 sunt
860 1629 1102 1712 sycophantiae,
1175 1649 1230 1702 675

95 1737 162 1804 Hic
187 1744 367 1820 argentum,
391 1737 445 1801 hic
468 1737 574 1802 amica
597 1737 720 1807 amanti
743 1737 816 1800 erili
838 1735 915 1802 lilio.

94 1847 212 1931 Atque
235 1867 294 1930 ego
317 1866 404 1910 nuno
427 1866 477 1909 me
502 1851 539 1910 ut
560 1843 739 1928 gloriosum
762 1844 879 1910 faciam
904 1853 936 1910 et
959 1847 1032 1929 copi
1054 1854 1196 1931 pectore,

95 1955 173 2034 Quo
187 1955 284 2019 modo
297 1953 442 2037 quidque
455 1974 594 2038 agerem,
604 1961 640 2017 ut
651 1953 760 2019 lenoni
772 1975 979 2036 surruperem
991 1955 1226 2036 mulierculam,

96 2063 172 2129 lam
196 2065 357 2141 instituta,
382 2069 499 2129 ornata
522 2069 639 2128 cuncta
661 2061 693 2126 in
718 2061 841 2141 ordine,
864 2061 973 2127 animo
992 2069 1029 2127 ut
1045 2063 1227 2144 nolueram,

97 2173 212 2253 Certa,
237 2171 419 2236 deformata
442 2169 621 2250 habebam,
645 2169 701 2234 sed
725 2169 871 2252 prolecto
894 2171 956 2235 hoo
978 2171 1025 2236 sio
1048 2173 1124 2237 erit:
1175 2191 1231 2243 680

98 2279 241 2346 Centum
266 2279 397 2345 doctum
420 2277 587 2343 hominum
610 2278 746 2343 consilia
768 2278 839 2343 sola
861 2278 943 2343 hacc
965 2278 1109 2344 deuincit
1132 2281 1202 2361 dea,

98 2389 259 2456 Fortuna.
295 2389 402 2471 Atque
420 2388 482 2452 hoc
499 2407 614 2452 uerum
633 2393 697 2452 est:
726 2388 861 2470 proinde
880 2393 918 2452 ut
935 2388 1075 2472 quisque
1092 2388 1229 2455 fortuna

870 2497 985 2572 utitur,

98 2607 152 2672 lta
176 2605 355 2690 praecellet
378 2612 478 2689 etque
501 2603 617 2668 exinde
641 2624 756 2687 sapere
780 2625 854 2668 eum
877 2625 989 2668 omnes
1014 2603 1159 2670 dicimus.

99 2715 190 2780 Bene
213 2714 272 2779 ubi
295 2715 372 2796 quoi
396 2713 484 2797 quod
513 2713 633 2776 scimus
661 2710 831 2776 consilium
861 2712 1032 2792 accidisse,
1062 2713 1226 2780 hominem
1288 2695 1292 2708 ’

870 2827 979 2886 catum

100 2932 184 2998 Eum
216 2952 285 2996 esse
316 2930 534 3008 declaramus,
569 2929 705 2994 stultum
734 2937 844 2994 antem
873 2929 978 3008 illum,
1015 2931 1094 3013 quoi
1123 2932 1229 2996 uortit
1319 2985 1323 2994 .

870 3038 965 3104 male.
1176 3057 1230 3109 ees

101 3149 202 3216 Stulti
227 3147 316 3213 haud
341 3149 472 3226 scimus,
496 3147 621 3212 frustra
644 3155 680 3210 ut
703 3147 813 3224 simus,
837 3167 934 3230 quom
959 3147 1037 3229 quid
1058 3148 1228 3230 cupienter

874 3255 945 3320 dari

103 3365 249 3432 Petimus
272 3365 377 3444 nobis,
402 3365 498 3449 quasi
522 3364 599 3447 quid
625 3363 749 3428 iurem
774 3365 817 3428 sit
840 3365 999 3446 possimus
1022 3386 1166 3430 noscere.

103 3473 203 3540 Certa
227 3475 395 3551 mittimus,
420 3473 496 3538 dum
520 3473 646 3538 incerte
668 3474 819 3556 petimus,
843 3479 942 3556 atque
965 3473 1027 3538 hoc
1050 3475 1157 3538 euenit

170 3673 222 3726 668
240 3669 323 3725 Iubes
343 3671 411 3724 siste
428 3669 462 3736 B,
481 3669 546 3724 iube
564 3669 588 3723 si
606 3675 633 3722 te
653 3667 675 3723 O
766 3670 789 3724 si
808 3670 1009 3724 consudeueris
1027 3685 1077 3725 om.
1096 3667 1136 3737 B,
1163 3669 1225 3724 odd.

103 3757 257 3828 pseudulus
378 3756 451 3810 Ante
467 3757 519 3808 670
537 3753 684 3809 SERUOS.
704 3754 725 3808 (l
743 3753 785 3822 B,
812 3771 862 3810 om.
884 3755 947 3811 oet
963 3757 1022 3810 sius
1039 3756 1183 3810 tolmatio
1200 3755 1227 3808 A

103 3847 155 3899 670
171 3843 353 3898 Diimortales
371 3841 400 3896 Β
488 3838 691 3896 aduenientiG
781 3844 830 3895 671
849 3841 1002 3896 reduxitO
1086 3842 1137 3894 6⁷2
1155 3841 1226 3895 Nam

103 3947 164 4000 rpsu
181 3929 250 3983 mihi
269 3928 445 3997 oportunitas
464 3925 516 3982 BC
582 3930 800 3998 nonportunites
818 3928 912 3997 potuit
932 3927 953 3982 0
1020 3926 1090 3980 mlhi
1108 3943 1157 3982 cm.
1177 3925 1233 3982 Ro

103 4019 153 4071 676
172 4019 274 4070 cauata
292 4019 334 4068 est
351 4013 404 4069 Bc
461 4015 512 4067 674
530 4013 638 4083 copiast
702 4015 752 4068 676
771 4013 888 4067 dolori'
931 4011 1049 4066 lallioiee
1067 4013 1094 4066 B
1162 4017 1228 4065 suut

103 4102 148 4155 hin
168 4105 234 4155 sunt
253 4100 432 4169 sicophsnice
450 4099 504 4155 Bo
602 4101 653 4153 677
671 4104 703 4153 ut
721 4115 770 4154 om.
790 4099 843 4154 ΒΟ
942 4097 1042 4153 inciam
1060 4107 1092 4152 ut
1110 4099 1174 4167 copi
1192 4097 1225 4165 B,

104 4187 203 4243 faciam
222 4185 296 4241 uto
386 4187 437 4238 678
455 4185 558 4256 quique
575 4183 628 4239 BG
717 4187 766 4239 681
786 4182 972 4239 hominemB
1059 4184 1119 4238 sols
1137 4183 1234 4238 om.0

104 4273 154 4327 684
172 4273 218 4327 nbi
237 4271 305 4340 quid
324 4269 457 4326 discimus
536 4269 691 4325 cautumO
770 4272 821 4324 685
839 4287 892 4339 quo
975 4271 1026 4324 686
1044 4271 1146 4324 scimus
1165 4285 1228 4323 oum

106 4357 179 4426 quod
248 4359 300 4411 687
319 4355 408 4426 sth
478 4357 528 4410 688
546 4357 626 4411 uenit
