2960 5000
69 432 136 502 ΠΙ1
163 435 196 502 2,
215 435 316 489 11-99
584 434 734 490 Poenulus.

559 625 760 690 Aduooati
915 649 917 656 ·

70 733 123 797 Di
153 739 196 798 te
218 733 369 818 perdant.
815 732 818 738 “

578 840 749 925 Milphio

226 948 295 1014 Uos
320 948 450 1032 quidem
473 948 583 1014 hercle
606 969 703 1032 quom
726 949 747 1031 †
770 969 808 1016 eo
831 971 929 1032 quom
953 951 1009 1034 qui
1033 950 1089 1032 qui
1111 956 1223 1015 tamea

73 1057 128 1121 Et
156 1057 247 1122 bene
270 1063 304 1122 et
325 1057 466 1138 benigue
488 1055 606 1134 facitu,
631 1077 729 1140 quom
752 1078 808 1124 ero
831 1059 954 1124 amanti
971 1079 1105 1141 operam
1124 1057 1222 1124 datis.

74 1166 155 1231 Sed
184 1167 242 1230 isti
264 1167 330 1231 iam
354 1151 602 1248 sciunt‚'negoti
625 1165 706 1249 quid
729 1167 792 1232 sit?

513 1303 804 1384 Agorastocles

787 1409 868 1476 Rem
891 1431 1018 1486 omnem
1040 1411 1074 1474 in
1097 1409 1221 1476 ordine.

574 1517 746 1600 Milphio

78 1629 180 1693 Tum
200 1650 261 1693 uos
279 1629 422 1693 animum
436 1628 600 1693 aduertite
612 1628 721 1708 igitur.
757 1625 852 1690 Hunc
869 1647 928 1692 uos
939 1625 1088 1692 lenonem
1101 1626 1223 1710 Lycum

78 1736 270 1802 Nouistis?

557 1843 763 1908 Aduocati

273 1953 392 2018 Facile.

529 2059 792 2126 Collabiscus

429 2169 472 2233 As
494 2187 553 2250 ego
578 2167 632 2251 pol
656 2187 740 2248 eum,
763 2189 829 2250 qua
853 2167 897 2232 sit
918 2164 1012 2244 facie,
1034 2168 1154 2233 nescio.
1173 2184 1221 2237 591

84 2277 181 2342 Eum
204 2278 283 2343 uolo
307 2276 386 2342 mihi
409 2276 641 2342 demonstretis
662 2274 836 2340 hominem.

559 2406 760 2470 Aduocati

890 2512 958 2577 Nos
981 2511 1178 2578 curabimus.

88 2626 185 2690 Satis
210 2629 423 2708 praeceptum
446 2633 505 2688 est.

200 2727 216 2750 '
512 2729 804 2814 Agorastocles

454 2839 517 2904 Hic
539 2845 703 2903 trecentos
726 2859 876 2903 nummos
899 2843 1088 2904 numeratos
1110 2837 1220 2902 habet.

559 2975 758 3040 Aduocati

90 3085 182 3168 Ergo
206 3106 267 3148 nos
289 3085 450 3168 inspicere
474 3093 606 3173 oportet
628 3085 712 3147 istuc
736 3103 860 3162 aurum,
884 3082 1122 3164 Agorastocles,

91 3191 138 3257 Ut
161 3187 316 3269 sciamus,
340 3191 418 3276 quid
442 3191 590 3256 dicamus
613 3211 687 3255 mox
709 3213 768 3273 pro
791 3191 990 3256 testimonio.
1171 3207 1223 3261 595

352 3401 360 3422 0
511 3327 807 3410 Agorastocles

92 3437 200 3520 Agite,
223 3437 388 3520 inspicite.

556 3545 759 3610 Aduocati

329 3655 451 3716 Aurum
475 3639 526 3717 est
548 3651 696 3735 profecto
720 3654 791 3733 hoc,
815 3659 1028 3736 spectatores,
1051 3653 1219 3719 comicum.

94 3760 265 3828 Macerato
288 3759 351 3824 hoc
374 3762 510 3844 pingues
531 3760 615 3826 fiunt
637 3783 718 3826 auro
741 3764 774 3826 iu
798 3761 955 3827 barbaria
977 3760 1094 3841 boues;

97 3868 217 3934 Uerum
242 3869 285 3933 ad
308 3868 395 3933 hanc
416 3891 485 3934 rem
509 3871 673 3951 agundam
696 3870 885 3953 Philippum
909 3875 975 3948 est3
1008 3869 1056 3933 ite
1080 3887 1140 3932 nos
1163 3866 1221 3932 ad-

864 3975 1100 4041 simulabimus.

162 4151 214 4201 587
232 4143 439 4201 GUMEODUM
457 4145 484 4198 A
551 4148 602 4200 589
619 4163 678 4200 rem
697 4161 747 4202 om.
810 4145 840 4200 in
859 4145 985 4200 ordinem
1004 4144 1030 4198 A
1097 4145 1148 4199 590
1164 4143 1220 4212 Ly·

97 4249 158 4287 oum
177 4249 227 4287 om.
247 4231 274 4285 A
339 4233 389 4285 592
407 4233 475 4285 mihi
493 4232 560 4286 uolo
578 4231 604 4285 A
665 4234 716 4286 599
735 4237 778 4286 est
795 4247 845 4286 om.
864 4229 917 4286 Bo
974 4231 1025 4284 596
1042 4229 1096 4284 hoc
1114 4227 1225 4285 mrtBO

96 4317 299 4372 5975515550
368 4319 418 4371 599
436 4317 606 4385 agundumst
623 4317 650 4370 A
1017 4328 1021 4338 ’
