2940 5008
297 447 360 510 336
774 442 922 497 Mercator.

296 633 356 697 erni
386 637 496 710 hiatus,
530 658 558 696 v.
582 635 698 713 Proleg.
728 657 758 714 p.
783 637 854 694 220.
889 665 929 676 -
962 651 1081 696 mcum
1109 637 1150 710 A,
1186 659 1214 697 v.
1244 637 1280 696 ad
1307 636 1375 716 Cspt.
1448 550 1455 745 1

295 743 367 813 925,
391 741 427 800 ci.
450 737 558 799 Pseud.
582 739 653 800 376.
689 767 725 780 -
764 740 833 797 524.
866 737 926 812 ,Te
948 739 1009 798 illio
1031 731 1137 798 homo“
1164 739 1271 799 Luchs.
1294 740 1376 798 Herm.
1452 752 1455 765 '

295 843 335 902 Vl
357 863 387 921 p.
413 844 489 914 280;
512 861 571 900 non
594 859 676 916 opus.
703 869 741 882 -
766 836 913 922 11111
936 847 967 900 et
990 841 1022 900 B.
1046 871 1088 884 —
1110 841 1139 900 te
1160 842 1230 900 add.
1255 841 1378 900 (1111.-
1452 809 1456 912 1

296 948 366 1005 525.
395 946 490 1017 Quum
513 943 626 1018 syllaba
654 945 753 1002 versui
777 943 900 1016 deesset,
930 942 1064 1022 Spengel.
1089 943 1197 1004 Philol.
1220 945 1330 1002 XXXII
1355 967 1377 1022 p.
1455 941 1456 1016 ζ

298 1049 356 1106 366
381 1067 436 1126 pro
459 1041 557 1120 coepit
582 1041 747 1122 ,coepiuit“
769 1047 872 1118 voluit,
898 1066 931 1103 ac
953 1052 1015 1104 tres
1037 1047 1167 1122 syllabas
1186 1049 1378 1106 animadvertit
1454 1031 1456 1068 ³

294 1151 440 1229 postulari
463 1150 555 1206 atium
578 1147 643 1207 (las.
669 1149 739 1208 622.
764 1149 834 1207 669.
859 1147 929 1206 Gist.
956 1150 1026 1220 514,
1050 1169 1103 1208 neo
1124 1151 1295 1226 negaverim
1315 1149 1378 1208 hanc

294 1251 377 1311 verbi
411 1253 543 1324 formam,
579 1253 714 1328 quamvis
744 1271 803 1310 non
833 1250 952 1310 aliunde
985 1257 1095 1324 notam,
1132 1253 1196 1312 veri
1224 1253 1379 1311 similiorem

295 1375 470 1431 essequam
493 1355 572 1430 quod
595 1354 646 1412 alii
668 1359 831 1425 tentarunt,
866 1349 1013 1431 „coepit“,
1043 1358 1095 1412 aut
1117 1352 1151 1412 R.
1179 1351 1379 1433 ,acceptavit“.
1455 1430 1456 1438 ἵ

294 1457 354 1516 Sed
375 1459 481 1516 vitium
503 1457 575 1516 alibi
597 1457 690 1515 latere
721 1455 819 1528 credo,
848 1457 1060 1542 nsmlverhum
1083 1449 1194 1514 hahere
1215 1457 1314 1516 abesse
1338 1458 1379 1514 vix

294 1565 403 1638 potest.
449 1559 513 1617 Hoc
535 1559 638 1618 addito
668 1563 766 1616 autem
790 1577 908 1616 necesse
931 1565 976 1616 est
998 1551 1124 1618 biennio
1146 1559 1302 1632 scribatur,
1329 1580 1380 1617 non

297 1664 467 1736 „biennium
495 1667 541 1720 est
569 1657 688 1738 quom“,
718 1667 753 1719 ut
781 1679 809 1720 v.
835 1663 969 1719 521-
995 1663 1054 1721 526
1079 1661 1161 1719 Acid.
1187 1667 1218 1722 et
1245 1661 1278 1720 R.
1301 1681 1378 1739 prox·

293 1767 353 1824 imo
376 1767 475 1824 vemui
504 1769 753 1842 postposuerunt,
785 1771 904 1822 temere.
929 1793 970 1803 -
1002 1765 1061 1821 528
1085 1765 1115 1820 11
1139 1765 1165 1822 A
1187 1785 1263 1823 unus
1291 1783 1380 1822 ramus

294 1873 348 1938 est,
384 1869 414 1924 iu
438 1867 543 1926 ceteris
566 1867 640 1938 duo;
671 1865 753 1923 illum
777 1871 857 1924 recte
880 1871 996 1924 secutus
1020 1873 1066 1924 est
1087 1867 1133 1939 R,
1159 1868 1215 1925 nisi
1238 1867 1314 1944 quod
1334 1887 1380 1944 pro

292 1968 350 2028 aut
379 1987 451 2045 „ego
481 1966 528 2027 et“
560 1971 694 2046 scripsit,
729 1987 787 2045 qua
817 1989 848 2026 rc
877 1989 942 2026 cum
972 1971 1139 2026 accuratior
1166 1975 1229 2028 tum
1258 1970 1381 2047 putidius

295 2073 390 2131 oratio
413 2071 478 2129 fieri
500 2071 626 2130 videtur.
661 2071 832 2130 Ceterorum
856 2072 989 2130 codicum
1011 2075 1189 2147 scripturam
1207 2072 1381 2148 aliquatenus

294 2175 371 2231 tueri
395 2179 539 2232 conantur
561 2173 698 2252 Spengel.
717 2173 822 2233 Philol.
842 2173 942 2232 XXIII
966 2193 995 2250 p.
1010 2175 1071 2232 674
1095 2179 1125 2232 et
1148 2173 1280 2248 Langen.
1300 2175 1380 2237 Beitr.

294 2297 324 2354 p.
342 2279 409 2348 195,
434 2277 486 2334 sed
508 2278 600 2336 verba
625 2295 697 2354 „ego
721 2297 787 2334 cum
809 2277 861 2334 illo
884 2281 915 2334 et
936 2276 987 2333 ille
1006 2272 1150 2348 mecum“,
1174 2278 1199 2334 si
1223 2297 1287 2334 cum
1307 2296 1381 2347 ,con-

296 2375 475 2438 iuravimus“
491 2382 661 2455 iunguntur,
679 2381 797 2437 omnino
816 2397 1038 2455 supervacanea
1049 2384 1129 2452 eunt,
1146 2381 1283 2456 proxima
1295 2381 1382 2437 autem

293 2483 439 2558 glossema
472 2483 667 2540 manifestum.
691 2511 733 2522 -··
758 2483 828 2540 529.
859 2481 952 2555 caput
977 2475 1117 2553 limaret,
1152 2481 1188 2540 cl.
1212 2481 1315 2540 Bacch.
1339 2483 1380 2538 31.

294 2585 386 2644 Poeu.
411 2586 480 2644 289.
516 2585 591 2643 Non.
612 2605 640 2661 p.
662 2585 731 2642 334.
755 2613 796 2624 -·
820 2585 890 2643 530.
913 2597 988 2642 num
1010 2577 1182 2644 meritust?
1203 2586 1320 2659 scripsi;
1342 2583 1381 2640 ed.

292 2707 339 2764 pr.
355 2707 410 2762 „an
422 2689 546 2745 maritus
564 2684 647 2746 eet?“
665 2686 716 2744 R.:
740 2685 862 2759 „amabo
880 2693 919 2758 te,
939 2707 975 2746 an
993 2684 1171 2745 maritustl“
1189 2715 1227 2726 -
1242 2689 1311 2744 531.
1324 2680 1381 2744 No

292 2785 358 2862 lim,
382 2809 421 2847 so.
441 2795 494 2848 tua
516 2809 612 2846 causa.
632 2817 675 2828 -
692 2783 795 2847 Homo
813 2784 912 2848 hercle
923 2784 1121 2864 periurauit;
1146 2789 1206 2846 hac
1223 2787 1382 2863 LysImachi

292 2891 384 2951 verba
407 2911 478 2963 esse,
502 2891 578 2949 vidit
589 2891 703 2950 Acidal.
727 2921 768 2932 -
793 2893 862 2951 532.
886 2891 1079 2967 Lysimachus
1102 2890 1203 2949 ridens
1231 2892 1311 2967 quod
1332 2890 1382 2948 Ile·
1458 2927 1462 2976 4

293 2993 392 3071 mipho
410 2993 583 3052 adulescens
601 2995 777 3072 appelletur,
801 2991 927 3066 „Immo“
944 2995 1042 3068 inquit
1064 3013 1157 3070 „puer
1176 2991 1251 3064 est“,
1270 2994 1382 3052 11289.

294 3096 395 3169 Addit,
419 3101 454 3154 ut
475 3101 560 3174 pueri
583 3101 694 3172 septem
714 3115 857 3155 annorum
875 3097 978 3154 dentes
995 3101 1119 3167 mutent,
1142 3098 1186 3154 ita
1207 3096 1275 3154 huic
1299 3115 1383 3172 nuper

296 3197 438 3256 excidisse
460 3197 572 3258 dentes.
592 3228 634 3238 —
653 3201 722 3258 533.
749 3194 837 3258 diust
854 3213 946 3274 quom
962 3200 997 3256 A.
1018 3199 1054 3257 oi.
1073 3197 1181 3275 Amph.
1200 3199 1274 3258 298:
1314 3200 1382 3272 „iasa

294 3301 385 3374 diust,
415 3301 495 3377 quod
521 3305 619 3360 uentri
649 3303 761 3360 uictum
789 3321 848 3360 non
871 3297 978 3359 datis“.
1023 3299 1103 3360 Pera.
1131 3303 1204 3360 138:
1243 3302 1382 3375 „nondun

294 3421 349 3460 sex
375 3406 483 3462 mensis
511 3403 681 3480 Megaribus
708 3405 766 3462 huc
793 3408 839 3461 est
865 3423 954 3480 quom
984 3400 1220 3480 commigrauit
1248 3431 1290 3443 -
1319 3404 1382 3462 534.

295 3499 390 3564 Hunc
416 3505 559 3564 Fleckeis.
589 3506 666 3565 Anu.
696 3505 769 3586 phil.
794 3505 870 3564 CVII
892 3525 923 3582 p.
948 3507 1022 3576 504;
1056 3525 1124 3564 nom
1160 3505 1309 3582 „Sequere
1343 3523 1383 3562 me

296 3603 371 3667 huc“
397 3608 455 3667 dici
483 3629 542 3668 non
562 3589 654 3683 ⁸solet3
688 3604 779 3682 „hsc“
805 3609 923 3680 dicitur,
947 3607 1027 3684 quod
1050 3607 1251 3666 substituebat
1273 3607 1382 3668 Malles.

295 3710 415 3770 Nachtr.
442 3731 472 3788 p.
498 3714 546 3771 50.
592 3711 727 3770 Ceterum
758 3712 819 3770 haec
848 3731 906 3770 non
935 3711 1131 3786 Pasicompsa
1157 3709 1306 3787 dicuntur,
1338 3706 1382 3766 sed

294 3813 521 3890 spectatoribus.
554 3844 590 3854 -
623 3817 693 3874 535.
715 3828 805 3888 utam,
834 3834 908 3872 mea.
941 3843 980 3854 ·-
1010 3809 1127 3872 idcirco
1151 3833 1187 3871 ex
1211 3809 1383 3888 vestigiisA

294 3915 389 3995 Gepp.
412 3915 497 3976 Stud.
522 3917 551 3974 ll
573 3937 602 3994 p.
627 3918 676 3975 91.

732 4065 955 4074 ..fi-w

381 4225 452 4284 536.
475 4223 635 4300 Postquam
665 4227 743 4282 intro
772 4223 910 4281 abierunt
933 4223 1124 4300 Lysimachus
1154 4227 1185 4281 et
1206 4220 1381 4288 muliercula,

295 4326 441 4402 Demipho
475 4325 595 4384 advenit
623 4326 708 4384 laetus
736 4327 863 4384 victoria
890 4331 919 4382 et
948 4345 999 4402 spe
1027 4327 1223 4402 voluptatum.
1248 4355 1288 4365 -
1317 4323 1380 4382 537.
