2978 5004
264 455 326 516 ela
760 447 853 502 Plauti
1128 447 1161 516 v,
1179 452 1203 518 a,
1224 452 1335 518 ιιι-ε,
1353 453 1372 503 e

710 636 921 718 Eutychus

264 747 404 832 Propter
426 747 543 812 istene.

715 896 917 964 Charinus

574 1007 589 1072 1
612 1006 718 1074 modo.

709 1183 920 1268 Eutychus

736 1292 823 1374 Ergo
847 1313 935 1358 eura.

716 1467 916 1538 Charinus

954 1575 1038 1655 Quin
1060 1585 1097 1643 tu
1119 1599 1196 1662 ergo
1218 1579 1230 1644 i
1252 1579 1371 1660 m0d03

264 1686 344 1752 Tam
367 1687 545 1771 propitiam
567 1685 711 1766 reddam,
734 1706 832 1772 quam
856 1708 956 1770 quom
978 1687 1157 1770 propitiast
1179 1687 1260 1754 Iuno
1283 1687 1372 1754 Ioui.

712 2061 916 2072 1———n—

434 2317 629 2385 DEMIPHO
674 2317 954 2396 uuslunoflus,
1000 2319 1134 2386 SENES
1168 2319 1199 2384 II

716 2541 826 2606 Demi
862 2541 911 2608 ho

266 2651 369 2729 Quasi
412 2658 449 2716 tu
494 2669 671 2734 numquam
717 2565 897 2734 quidqddam
947 2649 1097 2716 adsimile
1147 2649 1243 2715 huius
1288 2650 1379 2718 facti

1084 2757 1211 2824 feceris.
1316 2777 1379 2831 945

686 2911 712 2976 L
730 2911 950 2976 ·simaohue

264 3021 391 3104 Edepol
408 3039 595 3104 numquam.
625 2934 773 3095 Cauiyne
793 3019 873 3102 quid
890 3019 1034 3085 facerem
1052 3021 1109 3104 qui
1125 2995 1236 3085 fierem
1255 3021 1379 3104 miser3

266 3128 351 3195 Nam
373 3149 446 3194 mee
467 3149 550 3194 uxor
572 3133 706 3212 proptor
728 3127 818 3192 illem
841 3134 914 3193 tote
936 3130 971 3194 in
991 3128 1152 3194 fermento
1175 3129 1268 3193 iaoet.

718 3303 829 3368 Demi
866 3303 915 3370 ho

264 3413 308 3478 At
331 3434 390 3496 ego
413 3413 697 3497 expurigationem
718 3326 859 3491 habebd:
880 3419 979 3479 utne
1002 3421 1197 3478 suscenseat.

685 3589 952 3672 Lysimachus

267 3697 412 3783 Sequere
435 3721 496 3765 me.
542 3699 606 3764 Sed
629 3707 799 3765 exeuntem
821 3697 923 3762 filium
946 3695 1043 3762 uideo
1066 3717 1183 3761 meum.

336 3938 386 3991 945
401 3939 528 4006 proxime
541 3938 719 4006 postponitur
786 3937 837 3991 946
855 3935 947 3991 fecere
964 3935 1084 3990 multum
1100 3935 1185 3990 mirer
1195 3934 1231 4003 13,
1249 3935 1382 3996 facerem

266 4022 315 4077 nix
332 4023 427 4077 ninum
446 4039 491 4078 aer
510 4021 533 4078 0
607 4024 659 4077 947
676 4037 765 4092 prope
782 4021 858 4076 illam
867 4019 903 4089 Β,
922 4026 1024 4092 propte
1043 4021 1126 4076 ellam
1145 4019 1167 4076 C
1234 4023 1285 4076 948
1303 4039 1382 4092 ergo

268 4108 504 4178 expurgationem
