2954 5002
68 439 122 508 ΙΙ,
149 443 173 509 2,
192 441 296 494 55-62
541 448 555 468 “
569 439 729 495 Pseudolus.
1170 445 1208 506 55

68 631 157 696 Huo
180 651 274 695 suam
297 630 338 695 ad
361 651 431 708 uos,
456 650 528 694 oum
552 649 591 694 eo
614 629 725 696 aiebat
747 629 832 695 uelle
857 630 943 694 mitti
965 629 1148 710 mulierem

69 738 168 804 Nam
192 740 247 803 hio
270 759 399 821 quoque
422 737 606 820 exemplum
629 738 764 822 reliquit
787 740 866 802 eius.

567 909 730 990 Horpoae

855 1015 991 1081 Omnem
1014 1037 1081 1081 rem
1105 1023 1207 1082 tenes.

528 1159 762 1224 Pseudolus

70 1270 172 1347 Quid
198 1291 259 1352 ego
282 1271 315 1334 ui
338 1269 489 1334 teneam?
618 1275 622 1283 “

566 1421 728 1506 Harpax

441 1531 526 1596 Dato
550 1532 659 1596 istunc
682 1529 862 1615 symbolum
888 1550 964 1613 ergo
987 1529 1046 1594 illi.

540 1701 762 1766 Pseudolus

1033 1809 1134 1874 Lieet.
1159 1826 1210 1880 655

76 1919 148 1986 Sed
174 1919 254 2002 quid
279 1918 412 1986 esttibi
434 1919 576 1982 nomen?

564 2071 729 2156 Harpax

509 2179 653 2264 Harpax.

535 2351 764 2416 Pseudolus

598 2459 708 2542 Apage
731 2465 774 2537 le,
798 2459 950 2542 Harpax;
973 2459 1062 2524 haud
1087 2459 1207 2542 places.

80 2577 155 2643 Huc
179 2577 312 2662 quidem
333 2575 444 2646 hercle
466 2576 554 2643 haud
578 2577 640 2643 ibis
663 2579 758 2658 intro,
783 2600 823 2644 ne
843 2579 920 2663 quid
939 2579 1065 2664 harpax
1083 2579 1206 2644 leceris.

563 2749 727 2833 Harpax

82 2856 197 2922 Hostis
221 2857 316 2922 uiuos
338 2877 456 2941 rapere
481 2858 569 2922 soleo
593 2879 632 2922 ex
655 2859 739 2938 aoie;
763 2880 802 2923 ex
824 2857 886 2922 hoc
908 2879 1025 2925 nomen
1049 2856 1207 2938 mihi-est.

534 3027 761 3094 Pseudolus

85 3135 143 3202 Pol
166 3143 200 3201 te
225 3135 454 3220 multomagis
478 3138 594 3220 opinor
617 3157 698 3202 uasa
722 3135 828 3200 ahena
851 3158 890 3202 ex
914 3136 1057 3202 aedibus.

566 3307 728 3390 Harpax

85 3413 157 3480 Nou
181 3417 277 3496 itasl3
301 3415 358 3482 sed
381 3417 448 3481 sein
472 3415 550 3499 quid
573 3423 606 3480 te
630 3436 696 3496 oro,
721 3413 822 3496 Syre?

529 3569 763 3636 Pseudolus

815 3676 932 3756 Sciam,
957 3679 984 3742 si
1007 3677 1136 3743 dixeris.
1157 3695 1210 3747 seo

97 3817 165 3826 —-—

154 3900 205 3953 666
224 3897 309 3952 Suam
327 3898 380 3953 huc
456 3915 541 3967 quom
617 3899 710 3953 alebat
727 3899 755 3953 Β
829 3899 880 3952 653
899 3898 1016 3967 reliquid
1086 3897 1137 3951 HA
1157 3915 1207 3952 om.

86 3983 137 4037 665
154 3984 193 4056 Η.Ι
208 3983 278 4051 Quid
301 4031 303 4036 ,
366 3987 393 4036 Ρ.
413 3984 478 4038 dato
499 4001 567 4052 ergo
586 3985 671 4037 isium
689 3984 840 4039 simbolum
859 4000 927 4052 ergo
947 3983 997 4038 BG
1086 3981 1137 4037 Pu.
1159 3998 1210 4037 om.

88 4070 136 4124 656
155 4086 243 4140 prpax
261 4067 295 4136 Β,
314 4069 478 4140 harpaer
545 4070 637 4138 hepax
655 4071 681 4124 B
749 4073 800 4124 657
817 4069 913 4124 hoco
981 4068 1089 4122 audibis
1109 4069 1134 4120 A

89 4153 161 4209 intro
179 4155 209 4208 ni
229 4155 256 4222 0,
276 4157 404 4210 lacunam
420 4157 501 4210 hobel
517 4154 545 4209 Β
623 4157 671 4224 qui
688 4155 716 4210 Β
789 4157 840 4209 656
858 4155 935 4226 soleo
954 4155 1013 4209 soie
1031 4151 1083 4208 Bo
1160 4154 1211 4206 659

90 4237 197 4294 Poltem
216 4239 349 4295 uu0130
423 4241 530 4295 ahenea
549 4241 713 4294 exsesdibus
731 4239 783 4294 Bo
857 4241 908 4295 660
925 4241 979 4294 isla
997 4239 1023 4293 A
1101 4238 1144 4296 sin
1163 4237 1215 4294 Bo

157 4341 235 4379 orem
253 4323 303 4380 BC
372 4325 441 4380 Sure
459 4327 492 4394 A,
513 4342 592 4393 soyre
610 4325 637 4378 B
