2940 5008
313 491 375 552 350
793 485 940 540 Marcstor.

312 679 386 738 Inde
408 679 519 738 effecit:
557 679 652 754 „Uide
676 684 726 753 sis,
750 689 840 756 atque
862 677 1068 754 innubilum“;
1096 699 1166 755 ego:
1197 679 1289 756 cipue
1310 673 1387 737 cieri·
1452 637 1454 730 J

314 777 431 853 tudine,
460 803 524 842 cnm
556 784 639 840 hiatu
668 785 697 840 in
727 783 853 842 diraresi.
899 783 1024 842 Bothius
1053 785 1083 840 in
1111 783 1172 840 illis
1194 782 1291 840 verbis
1311 781 1388 838 latere
1452 777 1454 820 i

311 887 431 962 putavit
462 865 742 962 „atqus‘uidebisffi
772 905 858 962 quem
881 893 1000 944 secutus
1022 886 1092 943 olim
1116 887 1314 942 conieceram:
1342 883 1388 954 „Ac

312 987 435 1052 uidebis.
464 993 498 1045 ut
519 987 677 1065 splendore
699 989 818 1066 plenum
841 989 954 1046 coslum
983 991 1040 1046 iam
1064 987 1112 1046 hic
1134 983 1250 1046 adest“.
1272 1015 1313 1026 -
1333 986 1389 1044 869.

311 1083 528 1164 Rellipc'onern,
564 1090 660 1148 fausto
689 1093 786 1148 omine
819 1111 836 1148 a
864 1093 985 1148 sinistra
1012 1097 1251 1148 commemorato.
1275 1119 1313 1128 —
1337 1081 1392 1146 iilic
1453 1099 1454 1142 1

1452 829 1454 888 i

1452 891 1454 970 1

1453 993 1454 1042 i

1452 1045 1454 1096 1

312 1187 358 1250 mi
379 1191 414 1250 R.
438 1195 467 1250 in
490 1197 592 1250 annot.
621 1221 657 1232 -
681 1195 740 1250 870
765 1213 808 1269 sq.
832 1194 868 1251 cf.
892 1193 999 1251 Pseud.
1026 1194 1085 1251 710
1109 1213 1152 1268 sq.
1171 1221 1214 1232 --
1238 1193 1307 1250 871.
1328 1189 1390 1248 Cha·
1452 1229 1454 1242 .

312 1297 369 1352 rini
392 1294 483 1352 verba
506 1313 565 1370 quo
588 1295 652 1352 loeo
675 1296 827 1372 incipiant,
852 1295 928 1353 vidit
951 1295 984 1354 R.
1008 1295 1155 1352 scribens:
1189 1293 1302 1370 „Perge
1322 1293 1391 1350 broc·
1453 1301 1454 1316 ³

312 1395 418 1456 chium.
465 1395 524 1454 GH.
548 1395 594 1454 En
617 1394 766 1472 prende!“
802 1396 862 1456 Sed
890 1399 1015 1456 retinnit
1043 1417 1109 1456 cnm
1137 1399 1244 1454 catoris
1272 1397 1333 1455 edd.
1354 1413 1392 1451 cx·
1453 1423 1454 1444 o

311 1505 420 1558 trema:
448 1498 529 1571 „Eu
555 1495 663 1570 Teua“‚
688 1519 752 1574 quae
771 1500 853 1558 nullo
871 1500 960 1558 modo
977 1501 1048 1558 ferri
1070 1505 1204 1575 possunt,
1230 1519 1264 1557 ac
1285 1500 1393 1556 fortasse
1453 1527 1454 1530 =

314 1601 386 1660 nihil
409 1601 491 1660 aliud
514 1607 650 1676 spectant
673 1621 761 1677 quam
785 1603 1021 1661 emendationem
1045 1602 1296 1660 antecedentium:
1326 1597 1391 1672 „cn
1453 1601 1454 1604 ’

313 1701 430 1762 teneo“.
474 1703 659 1762 Exciderunt
687 1709 834 1776 extrema3
869 1705 1019 1782 supplevi:
1057 1698 1105 1762 Tu
1134 1698 1192 1762 dic.
1215 1735 1259 1746 -
1281 1705 1345 1761 8⁷2.
1365 1699 1393 1758 ui

311 1803 431 1880 [aceres
454 1805 573 1864 Miiller.
598 1805 682 1864 Pros.
710 1827 739 1883 p.
764 1809 835 1878 654,
867 1807 902 1864 cs.
927 1806 1026 1864 Madv.
1057 1807 1094 1864 ad
1118 1805 1176 1864 Cic.
1200 1805 1266 1865 Fin.
1289 1805 1325 1878 ΙΙ,
1354 1805 1390 1870 16,
1453 1869 1454 1872 J

312 1910 370 1981 613
406 1905 555 1980 „faceres“
588 1907 707 1966 anhm.
738 1908 772 1966 R.
807 1938 848 1948 —
882 1911 953 1966 873.
982 1905 1101 1984 yatadia
1130 1905 1262 1986 antiqua
1288 1908 1392 1966 Parcus.
1453 1925 1454 1984 J

312 2039 353 2052 -
374 2010 409 2068 ui
431 2006 513 2069 scias
536 2013 648 2086 scripsi,
674 2012 709 2068 cf.
729 2011 792 2068 Mil.
814 2013 905 2070 1185.
929 2011 1016 2087 Epid.
1036 2013 1106 2069 646.
1129 2013 1198 2070 700.
1228 2011 1311 2087 Capt.
1329 2009 1392 2066 289:

315 2119 366 2184 „ut
398 2115 491 2188 magis
524 2109 658 2172 nosces“.
705 2113 738 2172 R.
772 2116 890 2182 „ocius“
929 2117 1096 2191 scripserat.
1127 2145 1168 2156 ·-·
1200 2115 1271 2172 874.
1299 2105 1395 2170 audies

311 2213 390 2273 Cam.
413 2243 454 2256 -·
478 2211 562 2292 quod
580 2211 720 2291 yaudeas
746 2210 796 2290 (cf.
822 2214 893 2274 Cist.
915 2210 989 2290 375)
1013 2216 1049 2274 ad
1072 2219 1228 2293 sequentis
1249 2217 1393 2292 pertinent.

311 2317 499 2376 Lacunosum
522 2337 640 2376 versum
666 2319 725 2376 875
750 2318 886 2394 supplevi
914 2325 948 2377 ut
970 2321 1063 2394 potui.
1109 2319 1203 2377 Cam:
1236 2318 1307 2390 „Sta
1327 2316 1394 2373 ilico.

311 2421 421 2478 amicus
443 2418 570 2478 aduenio
594 2420 719 2477 multum
742 2419 928 2480 beneuolens.
975 2421 1034 2479 CH.
1059 2421 1137 2493 Quid
1160 2416 1247 2478 est?“
1284 2420 1316 2478 R.
1338 2423 1396 2495 post

312 2523 371 2580 860
395 2524 495 2598 posuit
525 2525 565 2580 sic
594 2521 745 2581 refictum:
783 2523 875 2596 „Nam
899 2528 1010 2581 amicus
1038 2525 1094 2582 tibi
1117 2523 1305 2582 beneuolenti
1326 2526 1394 2578 atus·

309 2628 359 2683 nio
381 2625 505 2684 multum
526 2622 741 2696 beneuolens“;
761 2625 809 2684 hic
829 2632 926 2684 autem
945 2645 999 2704 pro
1026 2626 1125 2701 „qnod
1146 2621 1294 2701 gaudeas*
1314 2623 1394 2698 scrip·
1452 2603 1453 2640 ³

310 2731 361 2786 sit:
390 2727 469 2801 „CH.
489 2727 566 2798 Quid
584 2747 637 2802 ego
661 2725 819 2785 audiam?“
846 2757 881 2766 -
904 2731 963 2785 876
988 2729 1024 2786 ct'.
1052 2730 1120 2786 180.
1144 2727 1263 2786 Msrllsr.
1285 2725 1393 2784 Nachtr.
1452 2779 1453 2810 J

309 2851 338 2908 p.
366 2832 442 2889 105:
480 2829 574 2902 „Quid
597 2849 692 2888 meam
716 2829 881 2888 amicam?“
907 2860 950 2870 —
974 2832 1043 2888 878.
1068 2825 1098 2888 si
1119 2826 1163 2888 mi
1183 2825 1308 2888 animus
1327 2823 1393 2903 fluc-

310 2933 379 2992 tuat
405 2933 551 2991 Biichelsr
579 2932 655 2990 Mus.
680 2931 736 2990 Rh.
759 2931 814 2990 XV
843 2954 871 3010 p.
896 2934 968 2991 443.
1004 2961 1046 2972 --
1080 2934 1151 2991 879.
1174 2928 1210 2990 in
1241 2921 1394 3006 tranquillo

311 3031 414 3111 quieto
449 3035 514 3094 tuto
548 3035 685 3110 Seyffert.
717 3034 800 3093 stud.
825 3057 854 3114 p.
880 3037 929 3092 21.
975 3035 1041 3093 tuto
1074 3033 1245 3092 adverbium
1280 3039 1335 3104 est3
1365 3029 1395 3086 de

310 3137 453 3213 asyndeto
488 3137 703 3196 adiectivorum
738 3137 774 3195 cf.
810 3137 846 3194 od
881 3137 966 3214 Capt.
1002 3137 1075 3196 406.
1120 3135 1213 3213 Bugg.
1245 3135 1358 3194 Tidslrr.
1378 3131 1394 3188 f.

311 3239 417 3298 Philol.
441 3239 497 3296 vn
520 3259 549 3316 p.
574 3243 592 3298 4
616 3241 789 3318 scripserat:
827 3239 910 3314 „Ego
938 3241 993 3299 tibi
1016 3242 1111 3298 istunc
1141 3242 1172 3296 in
1202 3241 1310 3315 quieto,
1338 3241 1395 3294 tuto

311 3337 444 3401 sistam“.
469 3371 511 3382 —
535 3344 605 3400 880.
629 3341 782 3400 Excidisse
806 3342 917 3418 sliqnid
940 3347 1074 3419 apparot.
1119 3341 1169 3399 R.:
1197 3340 1344 3414 „Obsecro
1363 3343 1395 3405 te,

311 3446 450 3521 eloquere
479 3463 615 3522 propere,
646 3463 682 3501 ea
709 3444 761 3501 ubi
791 3439 860 3502 eit“.
887 3473 922 3484 -
949 3445 1020 3502 881.
1043 3439 1206 3502 reticentia
1229 3443 1276 3501 ed.
1299 3461 1342 3521 pr.
1362 3465 1396 3478 -·

312 3549 382 3606 882.
414 3567 451 3621 „a
478 3544 580 3606 nobis“
614 3566 671 3605 om.
695 3546 774 3605 Cam.
832 3546 1060 3606 commonstrat
1089 3542 1120 3604 si
1143 3546 1177 3604 tu
1200 3545 1246 3605 ed.
1270 3565 1315 3623 pr.
1365 3541 1395 3598 Ρ.

311 3669 377 3709 cum
404 3649 526 3708 Bothic:
564 3671 600 3722 „a
622 3651 716 3708 nobis.
749 3649 808 3706 CH.
839 3648 914 3720 Quin
944 3653 1142 3722 commestus,
1172 3650 1197 3705 si
1218 3643 1339 3706 uides?“
1362 3669 1396 3682 -·

312 3753 382 3812 883.
406 3746 463 3810 sed
491 3747 563 3811 uidi
591 3751 637 3812 ed.
661 3771 707 3829 pr.
729 3779 772 3791 ·-
798 3745 882 3826 Quin
908 3765 957 3808 me
984 3746 1109 3810 uideam
1132 3752 1250 3808 Kisnitu
1273 3750 1309 3808 de
1331 3747 1395 3819 Quin

311 3856 457 3933 particule
478 3876 507 3932 p.
533 3857 566 3927 5;
590 3875 644 3930 ego
667 3855 705 3913 ut
725 3852 836 3912 addidi.
860 3883 901 3892 —
926 3855 996 3911 884.
1020 3847 1166 3929 Isonyum
1186 3849 1267 3912 istuc
1287 3851 1395 3910 Parcus.
1451 3839 1452 3931 J

310 3957 438 4030 Lacuns,
470 3975 535 4034 quae
566 3955 698 4015 librariis
725 3957 756 4016 iu
786 3939 946 4032 archetypo
976 3975 1039 4014 esss
1068 3957 1133 4014 vise
1154 3961 1209 4031 est,
1239 3954 1319 4013 nuile
1338 3953 1393 4010 fuit.

311 4089 353 4102 -
377 4061 448 4118 885.
478 4051 733 4120 Commodatrabo
758 4058 803 4115 ed.
828 4079 873 4136 pr.
897 4086 940 4097 -
963 4058 1063 4135 atque,
1093 4077 1120 4116 v.
1146 4058 1182 4116 ad
1205 4057 1310 4134 Amph.
1333 4053 1394 4113 270.

311 4163 378 4222 Ter.
401 4162 496 4221 Andr.
520 4163 591 4220 698.
627 4191 665 4201 -
702 4162 773 4220 886.
798 4156 872 4236 quoi
894 4160 972 4218 Pius.
997 4177 1045 4220 me
1074 4155 1186 4219 melius
1208 4154 1287 4218 uelle
1309 4157 1393 4216 Guiet.

312 4265 371 4323 Cfr.
395 4265 461 4323 Ter.
485 4263 577 4323 Andr.
602 4265 680 4322 427:
714 4262 834 4336 „Omnis
857 4263 913 4320 sibi
935 4261 1023 4320 malle
1045 4263 1149 4322 melius
1171 4281 1233 4320 esse
1256 4279 1338 4338 quam
1359 4255 1394 4313 el·

311 4363 400 4426 teri“.
423 4395 465 4406 -
488 4367 558 4424 887.
583 4361 658 4424 Non
681 4381 754 4425 curo
777 4363 897 4438 istum
920 4359 957 4423 de
978 4360 1037 4424 illa
1059 4365 1094 4424 R.
1113 4394 1154 4404 —
1175 4365 1245 4424 888.
1268 4363 1395 4421 Extrema
