2982 5000
234 389 296 450 264
715 383 877 438 Pseudolus.

235 599 319 638 nemo
343 579 410 638 dum
435 581 610 658 explicant,
636 579 704 636 l‘ius
731 575 873 652 ,fluctus“
900 579 945 637 cd.
967 609 1002 619 —-
1030 582 1099 638 787.
1128 575 1229 653 Eheu,
1256 593 1367 656 qurum.

235 683 314 742 Brix.
339 683 414 740 Anu.
445 682 518 760 phil.
542 681 620 740 CXV
647 704 676 760 p.
702 683 761 740 333
796 677 922 758 „quom“
955 683 1064 754 voluit,
1100 689 1133 740 ut
1162 685 1248 758 Capi.
1279 683 1367 752 99ος

235 785 287 842 scd
310 805 367 844 uon
391 784 523 862 paullum
547 786 683 842 interest.
711 814 745 824 -
770 777 843 842 illae
865 780 913 843 rei
930 799 984 861 dyo
1002 784 1121 842 Gruter.
1156 785 1240 844 Hanc
1264 785 1367 842 dativi

234 891 357 945 sormam
381 887 471 945 habet
493 887 566 946 (luto
583 885 617 944 R.
638 885 671 944 R.
694 889 761 945 153.
783 887 851 944 154.
897 887 1008 946 Charis.
1033 886 1061 944 ll
1083 907 1112 963 p.
1135 890 1204 946 132.
1225 917 1267 926 -
1286 889 1366 944 788.

234 983 453 1050 maternalem
475 989 578 1049 metuo
600 989 635 1048 R.
659 1019 700 1028 -
724 991 794 1048 789.
818 985 874 1064 qui
895 1005 1009 1050 umam
1030 989 1159 1067 pravior
1180 984 1257 1062 sict,
1291 992 1311 1047 i.
1339 1011 1367 1046 e.

234 1113 380 1153 nummos.
404 1121 446 1134 -
469 1093 530 1152 792
544 1115 583 1138 ··
597 1093 667 1150 409,

322 1403 391 1460 794.
415 1401 497 1460 Leno
519 1401 599 1459 redit
621 1420 686 1460 curn
709 1420 812 1478 coquo,
836 1419 924 1478 quem
946 1404 976 1460 iu
998 1401 1063 1460 loro
1086 1403 1239 1474 conduxit,
1271 1423 1298 1460 v.
1326 1403 1367 1460 ad

236 1505 302 1563 Aul.
327 1505 398 1562 272.
456 1503 589 1580 (loquum
618 1505 797 1562 comitantur
826 1507 912 1582 pueri
940 1505 1092 1564 adiutores
1122 1506 1184 1564 slve
1206 1500 1368 1580 discipuli

237 1600 278 1678 (v.
304 1600 533 1682 obsesses),
567 1625 691 1682 quorum
722 1608 792 1684 quia
814 1627 887 1667 unns
911 1629 938 1665 v.
964 1609 1023 1667 894
1048 1611 1236 1685 pronuntiat.
1268 1609 1364 1667 titulo

229 1725 312 1784 puer
334 1709 455 1768 additus
477 1715 531 1768 cst.
567 1738 606 1748 -
642 1701 762 1769 Forum
784 1705 964 1787 coquinam,
993 1717 1156 1787 payarpstuv,
1184 1713 1268 1777 τόπος
1291 1715 1364 1770 ὅθεν

234 1813 401 1888 μισθοῦνται
422 1813 481 1878 τοὺς
502 1815 648 1890 puyslpouc
670 1811 746 1872 Poll.
769 1812 822 1888 IX,
845 1815 896 1873 48.
925 1841 968 1854 ·-
1000 1815 1081 1874 795.
1104 1810 1259 1893 sumnum,
1288 1818 1308 1873 i.
1336 1837 1362 1876 c.

236 1915 349 1988 iurum,
382 1921 418 1974 nt
446 1915 602 1992 coquiuum
631 1933 802 1992 coquorum.
859 1916 994 1975 Alterum
1020 1913 1100 1990 „sst“
1126 1917 1238 1976 delevit
1259 1919 1294 1976 R.
1321 1949 1365 1959 --

239 2019 298 2076 796
321 2037 365 2095 sq.
388 2011 555 2077 Hominem
577 2033 713 2096 coquom,
738 2019 864 2078 01961.
908 2018 958 2092 „si
980 2021 1044 2078 lure
1067 2021 1192 2079 iurando
1216 2018 1360 2079 adactus“

237 2122 335 2197 inquit
360 2121 577 2198 „promisissem
606 2141 651 2180 me
682 2123 810 2198 peiorem
835 2141 960 2198 coquum
983 2125 1192 2198 qumsIturum,
1225 2126 1363 2182 invenire

237 2243 297 2282 non
319 2219 511 2300 potuissem“,
536 2225 582 2282 vel
609 2225 651 2296 ,si
674 2243 852 2302 quoererem,
882 2225 1013 2301 peiorem
1037 2245 1124 2304 quam
1150 2225 1240 2298 huuc,
1272 2247 1363 2302 quem

237 2327 322 2396 duco,
346 2324 452 2385 ducere
475 2345 534 2385 non
555 2325 673 2404 potuI“.
718 2325 776 2384 Sed
799 2327 984 2386 desideratur
1002 2327 1151 2387 obiectum
1169 2329 1199 2385 in
1218 2331 1360 2406 apodosi;

237 2432 337 2506 itaque
359 2451 386 2487 v.
410 2431 471 2488 ’198
496 2423 605 2506 Mopts
628 2428 744 2500 addidi,
776 2448 992 2487 renovemus
1019 2431 1098 2488 iusto
1125 2431 1242 2508 longior
1264 2431 1362 2504 fieret,

241 2529 420 2600 ,insulsum“
441 2531 525 2590 omisi
542 2531 589 2590 vel
609 2529 804 2606 „einsulsum“
825 2539 857 2589 ut
876 2531 960 2590 codd.
974 2531 1092 2592 hubent.
1126 2533 1212 2606 Quod
1226 2532 1361 2610 ,magis“

238 2635 390 2694 sententia
426 2657 442 2692 a
478 2630 605 2711 „quum“
641 2635 794 2712 incipienti
827 2637 1031 2713 postponitur,
1066 2655 1093 2694 r.
1125 2637 1162 2696 ad
1189 2637 1256 2696 Aul.
1288 2640 1363 2695 475.

238 2736 272 2796 R.
296 2737 370 2796 duos
392 2739 507 2815 priores
530 2755 632 2796 versus
656 2739 697 2796 sic
719 2739 859 2796 mutavit:
886 2737 979 2812 „Nem
1003 2755 1057 2812 ego
1081 2740 1106 2798 si
1128 2741 1244 2798 iuratus
1260 2759 1363 2817 pessu-

238 2859 315 2899 mum
334 2841 481 2900 homiuem
505 2861 687 2918 quaererem,
710 2841 844 2900 Peiorem
864 2842 921 2898 hau
939 2843 1034 2917 potui,
1058 2861 1145 2918 quarn
1164 2841 1248 2914 hunc,
1273 2862 1361 2919 quem

238 2943 329 3015 duco,
354 2941 496 3016 ducere“;
524 2929 651 3002 ¹tertium
681 2944 802 3021 reliquit
829 2949 890 3002 tsm
919 2944 992 3001 male
1016 2943 1228 3018 adhaerentem,
1245 2947 1305 3018 ut,
1336 2947 1363 3003 si

238 3045 290 3103 illa
309 3066 379 3104 vero
398 3053 504 3120 essent,
519 3046 675 3105 delendum
695 3065 854 3104 censerem.
871 3075 906 3084 -
922 3047 991 3104 799.
1015 3043 1058 3106 ad
1074 3061 1109 3106 se
1125 3041 1207 3107 Itum
1217 3046 1363 3120 Guietus;

238 3148 333 3226 possis
355 3151 442 3207 etiam
469 3146 582 3222 „bunc“
608 3149 716 3207 delere.
742 3178 779 3188 -
806 3151 877 3208 800,
908 3149 1003 3222 curet,
1027 3145 1081 3226 qui
1093 3194 1099 3207 .
1114 3197 1119 3207 .
1135 3149 1300 3226 ..tourtam
1325 3141 1361 3209 cf.

239 3252 276 3310 ud
289 3250 395 3327 Amph.
411 3253 479 3310 192.
500 3281 540 3290 —-
559 3245 701 3310 Mortuis
725 3265 799 3311 rena
820 3252 921 3309 feralis
945 3253 1034 3310 certis
1051 3249 1153 3312 dicbus
1170 3251 1362 3312 offerebatur.

239 3355 309 3426 Quae
332 3353 516 3432 sepulturum
539 3357 678 3413 continuo
700 3356 916 3432 ,sequebantur
935 3354 1038 3432 epulas,
1063 3375 1137 3431 quas
1154 3355 1270 3414 inibant
1289 3377 1361 3433 pro·

238 3459 344 3534 pinqui
368 3453 517 3516 coronat1“
550 3451 623 3533 (Cic.
644 3455 715 3530 Leg.
740 3456 777 3529 Π,
804 3459 852 3531 25,
878 3453 941 3534 63),
966 3459 1054 3531 vivis,
1084 3477 1142 3518 nou
1166 3459 1293 3516 mortuis
1317 3461 1363 3516 in-

238 3559 437 3619 struebantur.
494 3559 552 3620 sed
578 3561 692 3619 inferioe
721 3562 844 3619 mortuis
872 3558 983 3618 fiebant
1010 3562 1102 3619 tertio
1124 3563 1172 3619 die
1194 3581 1295 3634 mane,
1331 3563 1365 3618 τὰ

237 3667 313 3740 τρίτα
332 3663 484 3740 Aristoph.
497 3662 566 3739 Lys.
581 3665 651 3736 613,
676 3663 754 3741 quod
765 3663 855 3721 schol.
876 3667 995 3721 enarrat
1013 3667 1043 3720 rb
1061 3667 1111 3720 τῶν
1126 3655 1225 3740 respuis
1243 3664 1365 3742 ἄριστον,

238 3767 274 3825 cf.
292 3765 368 3824 Poll.
382 3763 465 3840 VIII,
493 3767 550 3823 146
575 3787 598 3823 c.
624 3770 684 3824 not.
704 3764 869 3824 Hemsterh.
920 3765 1033 3823 Deinde
1058 3787 1135 3826 nouo
1154 3767 1202 3824 die
1221 3769 1254 3823 τὰ
1271 3767 1363 3837 ἔνατα,

237 3868 301 3926 Isse.
327 3870 359 3940 8,
391 3869 445 3943 39,
480 3887 545 3944 quse
568 3889 585 3926 a
607 3867 749 3926 Romanis
778 3867 965 3926 novendialia
993 3887 1078 3927 sacra
1105 3869 1282 3929 dicebantur
1310 3877 1362 3928 aut

238 3970 423 4032 novendialis
446 3991 525 4042 cena,
549 3991 576 4028 v.
600 3970 668 4028 Tac.
687 3971 762 4028 Ann.
783 3969 832 4043 VI,
858 3972 884 4028 5.
931 3971 1095 4030 Constabat
1117 3993 1151 4029 ee.
1173 3978 1283 4048 prester
1307 3995 1364 4033 ovn

217 4070 349 4149 ‘(luven.
376 4079 402 4146 5,
428 4071 481 4146 84)
504 4073 575 4146 sale,
599 4075 755 4147 lenticulis,
780 4074 901 4151 lupinis,
934 4074 1009 4155 labis
1031 4075 1156 4152 aliisque
1178 4075 1362 4153 leguminum

237 4176 395 4252 generibus
419 4172 461 4254 (v.
474 4175 554 4235 Plut.
568 4176 664 4236 Crass.
682 4179 729 4251 19,
750 4179 777 4235 5.
807 4177 915 4248 Quaesc.
929 4176 1015 4236 Rom.
1029 4180 1078 4237 95.
1109 4177 1249 4256 Calpurn.
1265 4183 1293 4254 3,
1313 4183 1361 4240 89.

239 4277 313 4338 Plin.
337 4279 374 4337 H.
398 4279 433 4337 N.
457 4279 565 4352 XVIII,
593 4275 676 4356 118),
708 4283 886 4357 antiquitus,
904 4289 949 4338 'ut
973 4281 1106 4356 videtur,
1130 4281 1260 4358 siliquis,
1285 4284 1362 4340 unde
