2960 5000
250 421 309 482 m
758 413 849 467 Plauti

726 601 897 687 Milphio

248 712 333 790 Quid
356 713 443 778 iam?
562 776 564 784 ,

672 817 945 903 Syncerastus

474 925 576 1004 Quasi
599 914 710 993 taaer'e
733 947 813 992 uero
836 925 1018 1010 quidquam
1041 927 1128 1010 potis
1151 928 1207 992 sie.

721 1068 891 1150 Milphio

1237 1176 1386 1241 Rectius

247 1287 392 1354 Tacitam
420 1287 481 1352 tibi
511 1305 581 1350 rem
609 1286 739 1367 sistam,
774 1305 874 1369 quam
904 1283 992 1370 quod
1022 1284 1146 1350 dictum
1182 1291 1233 1349 est
1261 1291 1385 1350 mutae

1014 1391 1152 1458 mulieri.
1327 1411 1385 1464 875

667 1511 945 1598 Syncerastue

246 1625 399 1690 Animum
416 1623 570 1688 inducam
588 1619 693 1700 facile,
711 1627 750 1686 ut
766 1619 828 1686 tibi
844 1621 930 1686 istuc
947 1618 1087 1699 credam,
1111 1621 1144 1686 ui
1159 1627 1195 1685 te
1213 1623 1381 1688 nouerim.

720 1762 892 1846 Milphio

247 1873 366 1957 [Crede
389 1873 548 1938 audacter
571 1893 643 1937 meo
667 1871 799 1955 periclo.

672 2015 940 2100 Syncerastus

761 2121 845 2187 Male
869 2122 1001 2188 credam
1023 2128 1058 2188 et
1080 2121 1212 2188 credam
1236 2123 1378 2206 tamem]

720 2263 788 2330 Mil
823 2264 889 2330 hio

245 2373 321 2439 Scin
346 2383 381 2438 tu
405 2395 494 2438 erum
518 2381 610 2438 tuum
635 2395 707 2438 meo
731 2394 786 2437 ero
795 2287 880 2438 pesse
903 2375 1070 2439 inimicum
1093 2373 1272 2458 capitalem

462 2483 466 2490 ἱ
665 2515 943 2600 Syncerastus

829 2689 831 2696 .
1285 2625 1371 2692 Seio.

718 2732 889 2816 Milphio

245 2841 383 2924 Propter
407 2839 573 2906 amorem?

673 2971 943 3055 Syncerastus

516 3081 650 3145 Omnem
674 3101 805 3162 operam
830 3080 950 3163 perdis.

719 3220 889 3304 Milphio

882 3328 968 3407 Quid
990 3332 1077 3396 iuml

670 3471 943 3556 Syncerastus

995 3579 1081 3659 Quia
1103 3581 1235 3648 doctum
1259 3581 1364 3648 doces.

718 3700 889 3784 Milphio

246 3807 329 3885 Quid
364 3829 441 3891 ergo
482 3809 630 3888 dubitas,
670 3811 750 3893 quia
789 3807 940 3874 lubenter
975 3817 1034 3876 tuo
1067 3829 1124 3874 ero
1156 3831 1249 3876 meus
1282 3812 1362 3895 quod

1012 3919 1138 4001 possiet
1315 3937 1363 3991 aaa

312 4127 364 4180 874
382 4125 466 4195 Quasi
484 4133 516 4182 tu
533 4133 628 4182 tacere
689 4143 756 4181 uero
775 4142 825 4182 om.
844 4125 895 4182 ΒΟ
951 4127 1074 4197 potitos
1093 4127 1119 4181 A
1176 4127 1267 4183 Boia.
1315 4131 1360 4185 B'lb

245 4212 269 4265 Β
286 4211 401 4267 Tacitus
421 4213 474 4268 tibi
491 4213 621 4268 resistam
686 4213 778 4267 mulae
795 4211 830 4280 B,
848 4213 963 4268 maleb‘
1029 4213 1081 4268 876
1099 4213 1252 4269 credamini
1316 4218 1361 4272 aa

243 4297 369 4366 periculo
441 4301 492 4352 880
510 4299 558 4367 qui
576 4299 705 4354 lubenter
775 4297 842 4368 quid
860 4297 912 4353 Ao
