2960 5000
233 487 293 547 164
744 477 837 532 Plauti
1139 477 1194 546 m,
1213 480 1241 544 5,
1262 481 1378 534 32—60

644 667 939 750 Agorastocles

230 779 379 862 Negasne
401 777 489 863 apud
512 785 546 844 te
569 797 639 842 esse
661 795 778 842 aurum
800 796 860 842 uec
882 797 1014 842 seruom
1035 778 1164 843 meum?

728 928 753 993 L
789 949 860 994 cus

229 1039 320 1126 Nego
343 1047 377 1106 et
398 1039 559 1124 negando,
584 1041 612 1106 si
635 1038 714 1124 quid
736 952 846 1118 reyfort
867 1039 972 1104 rsuio.

689 1191 891 1258 Aduoeati

229 1303 361 1369 Periisti
383 1303 472 1384 leno;
495 1323 572 1368 nam
594 1301 659 1368 iste
681 1307 732 1366 est
754 1299 853 1366 huius
876 1301 1004 1380 uilicus,

229 1410 333 1489 Quem
355 1411 418 1476 tibi
438 1431 499 1476 nos
523 1430 596 1476 esse
620 1407 823 1494 Spartiatam
847 1407 999 1488 diximus

230 1519 294 1597 Qui
315 1519 358 1584 ad
381 1525 415 1585 te
437 1523 606 1584 trecentos
629 1515 800 1602 Philippos
823 1516 943 1582 detulit
964 1517 1072 1583 modo.
1314 1537 1373 1591 reo

229 1627 332 1712 quue
354 1629 388 1693 in
410 1628 495 1694 istoc
517 1625 600 1693 adeo
624 1645 741 1691 aurum
764 1625 851 1690 inest
874 1625 1071 1710 marsuppio.

724 1796 854 1881 Lycus

230 1905 300 1972 Uae
323 1911 455 1972 nostrae
479 1905 600 1972 aetati!

689 2049 892 2114 Aduocati

638 2156 676 2222 Id
700 2157 831 2240 quidem
854 2158 890 2222 in
910 2155 1033 2222 mundo
1057 2163 1109 2222 est
1131 2163 1220 2224 tuae.

646 2327 939 2410 Agorastocles

229 2437 295 2521 Age
320 2437 434 2502 omitte
458 2441 615 2515 actutum,
637 2435 779 2515 furcifer,
803 2437 1041 2520 marsuppium3

228 2545 413 2611 Mauulesto
436 2543 490 2609 fur
513 2565 558 2610 es.
604 2543 695 2624 Mihi,
719 2565 853 2630 quaeso,
876 2543 987 2609 hercle
1010 2565 1143 2628 operam
1167 2543 1256 2624 dete,

228 2655 314 2720 Dum
337 2675 387 2720 me
409 2653 532 2719 uidetis
556 2673 686 2718 seruom
708 2653 750 2718 ab
773 2653 836 2718 hoc
859 2651 1032 2719 abducere.
1311 2673 1368 2728 res

725 2821 855 2905 Lycos

227 2931 321 2998 Nunc
345 2932 400 3014 pol
422 2953 482 3014 ego
506 2931 591 3015 perii
613 2935 713 3008 certo,
737 2930 826 2996 haud
850 2932 1036 2998 arbitrario,

227 3037 387 3106 Consulto
409 3038 473 3104 hoc
496 3039 621 3104 suctum
644 3045 704 3118 est,
729 3039 809 3104 mihi
832 3047 869 3105 ut
888 3039 1032 3106 insidiae
1054 3039 1178 3105 fierent.

227 3147 292 3214 Sed
314 3147 394 3230 quid
417 3167 477 3230 ego
501 3145 617 3212 dubito
640 3147 752 3231 fugere
775 3148 851 3213 hino
873 3150 906 3213 in
929 3149 1049 3214 malam
1073 3170 1213 3226 crucem,

226 3255 424 3338 Priusquam
448 3255 580 3322 obtorto
604 3255 688 3320 collo
712 3255 754 3321 ad
777 3265 963 3340 praetorem
986 3257 1122 3324 trahor?

226 3361 328 3442 Eheu,
352 3384 451 3446 quom
474 3383 534 3446 ego
556 3363 657 3428 habui
680 3363 801 3430 ariolos
823 3365 1028 3448 haruspices,
1311 3386 1366 3439 790

226 3470 289 3548 Qui
311 3470 340 3537 si
363 3471 442 3554 quid
464 3471 548 3536 bene
572 3472 780 3555 promittuut,
805 3475 972 3556 perspisso
997 3475 1124 3554 euenit;

225 3579 274 3659 Id,
297 3579 389 3664 qnod
412 3579 490 3644 mali
513 3581 721 3664 promittuut,
746 3583 1009 3664 praesentarium
1031 3589 1091 3647 est.

226 3687 321 3754 Nunc
343 3687 415 3769 ibo;
438 3689 561 3754 amicos
584 3687 763 3770 consulam,
788 3711 853 3773 quo
877 3711 927 3756 me
950 3689 1045 3755 modo

226 3795 434 3880 Suspendere
456 3817 597 3880 aequom
620 3805 776 3863 censeant
798 3799 1023 3881 potissumum.

295 4017 347 4070 777
365 4033 381 4070 a
400 4018 446 4071 uia
463 4017 499 4086 Β,
520 4019 583 4071 anio
603 4017 625 4071 0
710 4020 761 4072 778
779 4019 859 4073 laeuo
878 4018 906 4073 B
992 4020 1043 4072 779
1060 4025 1222 4086 sparuutem
1244 3997 1249 4014 ’
1308 4025 1364 4076 780

227 4102 293 4172 quis
311 4109 340 4156 te
359 4099 384 4156 0
454 4104 540 4158 modo
560 4103 663 4158 detulit
738 4107 786 4158 '781
807 4103 860 4158 ado
881 4103 904 4160 0
974 4105 1025 4157 782
1042 4111 1142 4162 nostro
1158 4101 1187 4158 B
1257 4105 1289 4159 in
1308 4122 1361 4161 om.

226 4189 277 4243 783
295 4189 328 4240 Α
346 4201 397 4244 om.
477 4189 529 4242 785
547 4188 666 4242 uideatis
754 4192 806 4243 786
823 4189 847 4243 Ε
866 4205 916 4244 om.
993 4191 1044 4243 789
1063 4189 1228 4257 Priusquam
1246 4189 1316 4245 hino
1334 4193 1364 4246 B

226 4274 347 4328 rel-92
366 4275 509 4342 perspisso
600 4273 772 4343 promittunt
789 4290 839 4328 om.
926 4279 978 4330 794
995 4273 1022 4328 Β
1042 4275 1136 4330 addit:
1163 4278 1362 4344 agorastocles

227 4358 381 4424 colubious,
399 4365 456 4413 tum
473 4359 630 4414 ramalibus
648 4360 772 4413 miniatis
791 4357 1028 4415 ADOLESCENS
1082 4359 1232 4414 UILIGUS
1251 4369 1299 4417 ost
