2954 5002
798 449 888 504 Plauti
1220 446 1240 514 Ι,
1258 449 1280 512 d,
1296 447 1400 500 41-54

730 638 964 706 Pseudolus

805 745 923 812 Seruus
946 753 997 812 est
1018 745 1095 812 huie
1118 746 1225 811 lenoni
1248 741 1359 828 Syrus3

284 855 367 921 Eum
389 875 460 921 esse
484 878 535 924 me
558 855 674 922 diuam.
720 855 819 940 Syme
843 877 924 920 sum.

762 991 925 1074 Harpax

870 1099 991 1183 Syrus?

735 1234 960 1302 Pseudolus

974 1343 1012 1408 Id
1036 1349 1086 1408 est
1108 1363 1226 1409 nomen
1247 1339 1327 1406 mihi.
1344 1357 1397 1409 640

764 1475 924 1559 Harpax

287 1581 398 1648 Uerba
420 1583 527 1648 multa
543 1583 695 1665 lecimus;
719 1605 794 1650 erus
811 1585 839 1648 si
856 1590 930 1648 tuus
947 1581 1034 1647 domi
1054 1588 1113 1659 est,
1137 1582 1217 1665 quin
1233 1599 1394 1665 prodesse,
1454 1659 1455 1668 ἵ

733 1827 960 1893 Pseudolus

284 1690 328 1757 Ut
350 1691 384 1756 id
402 1711 497 1774 agam
516 1690 603 1776 quod
621 1693 739 1756 missus
757 1691 821 1756 huo
839 1713 921 1768 sum,
934 1689 1105 1774 ,quidquid
1122 1698 1172 1755 est
1188 1710 1301 1755 nomeu
1316 1687 1393 1752 tibi?

285 1935 320 2002 Si
341 1937 429 2002 intus
452 1943 549 2016 esset,
573 1956 753 2002 euocarem.
800 1935 922 2002 Uerum
945 1935 972 1999 si
996 1934 1074 1999 dare
1098 1935 1149 1999 uis
1171 1932 1259 2010 mihi,

284 2044 389 2127 Magis
412 2043 554 2110 solutum
578 2045 640 2110 erit
662 2065 760 2127 quem
784 2045 812 2110 si
834 2045 899 2128 ipsi
922 2043 1059 2110 dederis.

761 2181 926 2265 Harpax
1133 2217 1134 2220 =
1454 2159 1455 2252 l

964 2283 1393 2371 mmmmm

284 2396 434 2463 Reddere
452 2397 526 2475 hoe,
543 2418 608 2462 uon
626 2395 771 2480 perdere,
791 2417 866 2462 erus
880 2417 930 2461 me
942 2392 1054 2476 iussit;
1078 2417 1154 2461 nam
1167 2402 1257 2461 certo
1269 2395 1333 2460 seio
1349 2408 1393 2461 645
1454 2407 1455 2414 ’

284 2507 356 2573 Hoc
378 2505 496 2571 febrim
518 2505 580 2570 tibi
603 2526 688 2586 esse,
713 2507 877 2589 quianon
900 2505 977 2569 lieet
999 2504 1063 2569 hue
1086 2495 1207 2570 inicere
1231 2502 1374 2586 ungulas

286 2615 355 2697 Ego
378 2615 443 2680 uisi
466 2615 529 2699 ipsi
550 2613 694 2678 Ballioni
716 2635 883 2678 nummum
906 2613 1037 2678 credam
1060 2613 1191 2678 nemini.

320 2843 322 2848 ,
729 2755 959 2822 Pseudolus

284 2867 326 2932 As
348 2865 416 2930 illio
437 2887 525 2930 nune
547 2865 763 2947 negotiosust3
787 2885 838 2928 res
861 2864 971 2946 egitur
992 2862 1080 2947 apud
1102 2862 1253 2928 iudicem.

765 2999 846 3065 Har
881 3021 928 3064 ax

284 3111 326 3175 Di
347 3109 430 3174 beue
453 3109 599 3174 uertant!
624 3115 658 3174 al
681 3128 751 3190 ego,
775 3021 905 3192 quanpdo
929 3129 1002 3172 eum
1026 3127 1096 3174 esse
1119 3108 1260 3173 censebo
1283 3106 1372 3180 domi,
1454 3187 1455 3190 Ἴ

284 3217 438 3297 Redier0;
461 3225 499 3282 tu
522 3215 695 3300 epistulam
718 3216 802 3280 hano
821 3237 841 3280 a
859 3238 909 3280 me
930 3218 1041 3300 aoeipe
1059 3224 1158 3300 atque
1175 3216 1224 3281 illi
1243 3216 1334 3294 dato;
1352 3228 1397 3282 sou
1454 3221 1455 3230 ‘

284 3325 369 3390 Nam
391 3325 467 3390 istiu
491 3324 673 3409 symbolust
694 3326 780 3389 inter
803 3346 894 3390 erum
916 3345 1023 3390 meum
1041 3331 1075 3388 et
1091 3331 1182 3389 tuum
1202 3323 1244 3390 de
1262 3322 1396 3388 muliere.

731 3466 958 3532 Pseudolus

285 3575 358 3642 Soio
390 3575 552 3659 equidem.
610 3573 672 3652 Qui
701 3568 873 3658 argeutum
907 3573 1051 3639 adferret
1083 3579 1184 3657 atque
1219 3593 1397 3658 expressam

1050 3703 1226 3765 rmugmem

351 3907 403 3959 639
421 3905 510 3960 Surus
528 3905 563 3970 A,
583 3904 661 3960 Siros
681 3905 703 3960 0
762 3907 814 3959 640
832 3904 917 3958 Surus
935 3904 975 3959 bs's
994 3903 1020 3958 A
1082 3907 1131 3958 641
1152 3903 1228 3958 domi
1247 3909 1292 3958 est
1308 3899 1398 3958 tuusd

284 3991 335 4046 642
353 4007 408 4060 quo
426 3989 478 4046 BG
558 3991 605 4045 hio
623 3991 675 4047 Bo
750 3989 779 4043 P.
799 3988 932 4059 quioquid
1019 3989 1070 4043 643
1088 3989 1138 4044 Ps.
1157 4005 1206 4045 om.
1284 3992 1335 4045 644
1351 3987 1396 4042 erit

284 4077 407 4132 solutum
496 4077 520 4132 si
539 4092 588 4132 om.
608 4075 660 4130 Bo
748 4077 793 4130 siu
811 4075 864 4130 BG
952 4076 1004 4128 646
1022 4091 1086 4129 erus
1103 4075 1181 4130 misit
1198 4091 1257 4131 uon
1274 4074 1325 4130 BG

285 4167 381 4218 eesrto
399 4160 427 4216 B
505 4163 556 4218 646
574 4161 666 4216 febrim
683 4159 735 4216 ΒΟ
803 4161 857 4215 hoo
875 4159 928 4216 Bu
993 4162 1045 4214 646
1063 4162 1227 4236 ιιεςοῖίοειιε
1246 4167 1289 4216 esl
1354 4159 1395 4214 649

285 4247 407 4302 oeusabo
426 4245 454 4301 B
529 4248 579 4301 651
598 4247 787 4316 symbolumsl
804 4247 838 4314 A,
857 4247 1006 4301 simbolum
1026 4251 1070 4301 est
1087 4245 1141 4301 Bo
1210 4249 1261 4302 662
1279 4245 1394 4316 equidem

284 4337 317 4387 ul
335 4333 384 4401 qui
456 4339 458 4344 ’
586 4361 587 4365 =
