2932 5008
793 482 884 536 Plauti
1215 481 1247 549 11,
1264 486 1286 546 4,
1302 484 1373 533 8-15
1434 539 1435 544 η

742 673 949 756 Eutychus

1299 780 1376 845 Scio:

297 889 413 956 Omnia
436 911 495 972 ego
518 890 621 954 istaec
644 890 831 954 auscultaui
855 889 896 954 ab
919 891 1020 969 osti03
1044 911 1171 953 omnem
1193 913 1259 955 rem
1281 892 1349 955 scio.

747 1042 947 1108 Charinus

297 1151 382 1229 Quid
406 1151 438 1214 id
462 1159 519 1230 ast,
543 1151 631 1233 quod
655 1153 743 1216 seis?

742 1305 953 1389 Eutychus

653 1413 740 1478 Tuus
763 1421 858 1497 pater
881 1413 951 1478 uolt
973 1415 1116 1480 uendere

746 1567 949 1633 Charinus

973 1677 1107 1742 Omnem
1131 1701 1200 1743 ram
1224 1689 1318 1742 tenes.
1336 1693 1377 1744 470

743 1814 945 1914 Eutychus

297 1939 399 2004 Tuam
421 1941 558 2004 amicam

748 2093 950 2160 Charinus

602 2202 745 2268 Nimium
769 2203 907 2268 multum
931 2205 1003 2268 sois.

741 2355 949 2440 Eutychus
1056 2449 1066 2470 ι

1031 2464 1110 2530 Tuis
1132 2466 1289 2548 ingratiis.

746 2617 948 2684 Charinus

743 2881 952 2966 Eutychus

296 2992 379 3055 Tute
401 2990 472 3056 heri
496 2991 586 3073 ipsus
610 2989 689 3054 mihi
712 2992 865 3055 narrasti.

745 3141 947 3211 Charinus

908 3253 999 3319 Satin
1022 3259 1059 3318 ut
1080 3253 1202 3318 oblitus
1224 3253 1281 3350 fui,

296 3361 369 3426 Tibi
392 3383 443 3427 ma
464 3364 675 3427 narrauisse‘?

743 3487 952 3599 Eutychus

674 3623 770 3690 Haud
793 3625 910 3690 mirum
932 3625 1098 3690 factumst.

1434 1857 1435 1914 i

1434 2063 1435 2120 i

1434 2191 1435 2234 t

1434 2267 1435 2290 i

295 2729 484 2793 Plutumum
502 2735 538 2793 tu
558 2729 630 2794 scis.
668 2727 733 2792 Sed
751 2729 806 2812 qui
824 2730 888 2793 scis
907 2751 980 2794 esse
998 2729 1137 2794 amicam
1156 2727 1246 2792 illam
1265 2729 1376 2792 meam?

1434 3227 1435 3274 i

1434 3307 1435 3344 i

1434 3579 1435 3632 i

1434 3633 1435 3668 i

747 3776 947 3842 Charinus

1072 3885 1117 3952 Ta
1139 3908 1228 3952 nunc
1252 3882 1373 3952 consulo·

298 3995 479 4078 Responde,
503 4016 567 4077 quo
590 3995 655 4060 lato
673 4015 788 4060 censes
806 4017 857 4060 me
875 4001 913 4060 ut
935 4016 1067 4078 paream
1086 3995 1322 4079 potissumum?
1337 4003 1375 4058 tt
1434 3989 1435 4054 t

364 4236 414 4288 469
432 4233 551 4288 Omnia
619 4233 714 4288 istoc
778 4233 1117 4301 471tueisingratieisA
1186 4237 1237 4287 472
1255 4234 1323 4288 noea
1338 4222 1374 4280 sed

296 4320 360 4387 quei
379 4319 450 4373 assis
468 4336 558 4374 meam
577 4337 638 4374 essa
652 4319 768 4374 amicam
786 4319 860 4372 illam
871 4318 897 4372 A
965 4321 1016 4373 473
1030 4319 1225 4386 narrauistiA,
1241 4319 1324 4374 'onst'

297 4405 393 4457 statim
412 4403 434 4458 0
517 4407 567 4458 475
585 4424 641 4474 quo
662 4407 738 4459 uolet
756 4421 887 4460 accensas
906 4404 941 4472 Β,
960 4422 1014 4473 quo
1034 4406 1110 4460 loeto
1129 4421 1226 4460 canses
1245 4406 1268 4460 Ο

1434 4771 1435 4810 t

1434 4837 1435 4870 i

1434 4927 1435 4973 t
