2982 5020
253 439 312 500 334
738 431 886 488 Poenulus.

252 631 287 690 61.
311 635 411 688 tamen
435 629 505 688 879.
530 629 600 688 887.
635 627 750 706 Proleg.
770 647 798 704 p.
813 615 884 686 214.
919 626 1177 694 11161161.,111161111·.·
1193 647 1223 704 p.
1243 627 1261 682 9
1283 625 1386 682 bene:

255 731 436 805 „Quemnam
459 727 589 805 igitur?“
615 761 657 770 —
680 725 795 808 61911116
817 724 873 807 qui
895 725 956 788 siet
977 749 1013 788 ex
1035 730 1061 787 A
1084 732 1217 788 secessit.
1236 757 1278 768 -
1306 727 1386 784 860.

249 834 439 906 nostrorum,
462 839 610 904 nostrum,
634 854 661 892 v.
686 833 724 892 ad
747 832 853 910 Amph.
878 833 907 890 4.
934 861 971 872 -
1002 825 1120 907 Lepide
1141 825 1273 908 loquere.
1312 821 1387 890 ΒΥ.

252 937 331 996 Cani.
364 966 400 976 -
438 937 509 995 861.
544 931 716 1010 manufesti
737 930 855 996 moechi
878 935 912 993 A.
958 935 1030 995 Post
1052 935 1113 993 haeo
1135 935 1251 1005 hiatus;
1286 932 1386 990 Both.

252 1040 346 1118 Gepp.
362 1034 446 1112 „hid‘
467 1039 590 1100 addunt.
608 1070 651 1080 -
673 1041 744 1100 862.
767 1031 885 1112 Refero
907 1030 1106 1107 1168686166,
1130 1040 1212 1096 iocus
1236 1056 1272 1095 ex
1296 1034 1387 1094 emh·

250 1143 334 1218 igno,
369 1161 436 1200 nam
467 1161 538 1200 resa
566 1143 704 1201 dicuntur
735 1143 823 1200 etiam
857 1139 997 1218 pudende
1030 1139 1143 1210 virilis,
1177 1137 1255 1196 unde
1282 1137 1386 1210 „hene

251 1241 386 1304 vasatos“
414 1243 563 1320 Lamprid.
590 1243 705 1319 lleliog.
732 1247 760 1302 5.
784 1245 812 1302 8.
837 1245 865 1303 9.
912 1242 955 1300 De
979 1261 1010 1299 re
1034 1263 1060 1300 v.
1085 1239 1121 1299 66
1141 1240 1203 1299 Mil.
1227 1241 1326 1300 1386.
1343 1269 1385 1278 -

253 1347 323 1406 868.
358 1341 414 1406 Me
446 1360 510 1405 non
540 1341 689 1422 perdenl,·
721 1339 813 1406 illum
847 1347 883 1405 111
905 1361 953 1420 ρ..
987 1345 1028 1403 sic
1056 1343 1117 1402 iere
1145 1341 1248 1416 codd,
1283 1349 1383 1400 reete.

254 1449 347 1523 Vulgo
359 1469 424 1508 6616
437 1447 586 1506 Aoidalio:
604 1447 671 1520 „hle
684 1467 741 1506 non
753 1448 897 1526 perdant;
910 1447 994 1506 illum
1006 1445 1142 1524 perdent.
1173 1445 1283 1506 Fecere
1295 1441 1382 1504 oet.“

251 1571 315 1610 ouru
344 1553 479 1630 proximo
509 1551 673 1610 coniuncte.
740 1549 832 1610 Immo
861 1569 888 1608 v.
913 1551 974 1608 864
997 1549 1131 1626 spurium
1155 1567 1218 1608 esse
1240 1548 1383 1608 ostendit

251 1656 352 1732 inepte
383 1673 522 1732 expresse
544 1653 718 1731 Milphionis
740 1655 946 1728 interrogatio.
999 1649 1098 1708 Etiam
1124 1645 1380 1727 1,11666616661“

252 1777 356 1834 perum
381 1763 460 1816 reete
484 1757 640 1816 diceretur.
664 1769 855 1832 —possum
876 1756 912 1826 A,
936 1754 972 1812 61.
997 1755 1068 1812 348.
1091 1783 1133 1792 -
1161 1755 1233 1812 865.
1263 1747 1382 1813 Malus

253 1853 311 1918 os?
354 1859 414 1918 Pro
442 1859 675 1934 interrogatione
709 1859 830 1934 accipio.
887 1857 967 1916 Malo
1001 1856 1117 1914 homine
1150 1875 1224 1934 opus
1257 1863 1303 1914 est
1340 1855 1380 1912 ad

252 1963 386 2020 lenonem
409 1961 601 2039 perdendum.
622 1989 658 2002 -·
682 1955 834 2032 Memora,
857 1975 933 2018 uum
946 1961 995 2034 A;⁸
1009 1957 1103 2036 Gepp.
1124 1957 1276 2032 „Memora
1292 1960 1377 2031 dum,

252 2061 351 2122 nuni“.
396 2077 534 2124 methora
557 2063 630 2122 nihil
654 2063 733 2122 eliud
757 2068 802 2122 est
818 2082 906 2139 quem
922 2059 1019 2134 „diet
1040 2091 1081 2101 —
1104 2063 1174 2120 866.
1199 2054 1257 2119 tihi
1275 2069 1378 2122 exstat

252 2167 282 2226 in
304 2169 339 2224 A.
385 2163 527 2244 qtsodque
555 2169 643 2224 etiem
667 2169 708 2238 A3
742 2162 856 2241 „quod“
884 2165 971 2223 Both.
996 2163 1089 2242 Gepp.
1115 2192 1152 2203 -
1184 2165 1254 2222 867.
1285 2183 1375 2238 „gra-

252 2263 338 2326 tieis“
364 2269 398 2326 A.
429 2297 470 2308 --
499 2270 568 2328 869.
604 2263 713 2336 „Adde
735 2282 874 2344 operam,
904 2267 942 2325 de
963 2274 995 2326 tu
1019 2255 1135 2344 quoque
1159 2286 1288 2343 operam,
1319 2268 1374 2326 od·

253 2368 350 2442 iuva“,
375 2371 476 2428 Lumb.
498 2401 533 2412 -
556 2373 626 2430 870.
649 2365 776 2445 lactlest
797 2372 832 2428 A.
877 2385 962 2430 meae
978 2364 1055 2441 alae,
1080 2369 1319 2448 episynaloephe,
1347 2389 1374 2425 v.

252 2475 323 2533 869.
359 2473 477 2532 Miller.
492 2494 520 2550 p.
535 2475 609 2532 384:
637 2473 714 2546 „hau
726 2474 841 2531 facilest
854 2493 912 2544 me;
937 2471 999 2530 alae
1012 2469 1097 2530 hue“.
1113 2501 1153 2510 -
1173 2473 1245 2530 871.
1264 2473 1373 2547 Synce-

251 2583 348 2636 rastue
367 2597 397 2634 se
418 2577 454 2635 66
473 2597 535 2634 eam
557 2595 615 2634 rem
636 2596 738 2652 parum
753 2577 851 2634 valere
868 2575 984 2633 dixerat
1000 2575 1195 2633 similitudine
1212 2573 1249 2633 eb
1268 2576 1373 2634 avibus

251 2686 378 2756 sumpta.
413 2679 539 2756 Milphio
558 2679 611 2736 hoe
628 2679 687 2736 alio
705 2685 832 2755 torquet,
852 2673 923 2739 alat
942 2699 1000 2736 non
1018 2679 1124 2749 avium,
1150 2678 1202 2736 166
1220 2677 1371 2736 hominnm

251 2802 490 2856 commemorans,
503 2801 577 2858 quse
594 2787 719 2858 propter
735 2802 854 2858 gravem
872 2781 1019 2858 hiroisque
1030 2781 1153 2840 similem
1169 2775 1370 2840 6661661611-

251 2881 366 2962 quinus
389 2885 475 2957 dieit,
499 2885 535 2942 cf.
560 2883 596 2940 ed
620 2883 725 2942 Pseud.
752 2886 822 2944 742.
869 2884 950 2942 Pilos
977 2883 1018 2940 ibi
1041 2889 1143 2942 enetos
1167 2885 1282 2962 antiqui
1304 2885 1370 2942 dili·

190 3031 192 3036 .
250 2995 352 3063 genter
375 2988 501 3046 evellere
524 2986 666 3058 solebant,
690 2989 816 3062 quodsi
841 3007 899 3044 666
923 2987 1045 3056 lecisset,
1070 2985 1197 3062 Milphio
1220 2989 1371 3065 promittit

251 3111 300 3149 eos
317 3093 396 3148 intre
412 3089 487 3149 duos
505 3109 621 3147 menses
638 3091 794 3166 pinnarum
813 3092 907 3148 inetur
923 3089 995 3160 fore,
1019 3095 1052 3147 ut
1064 3089 1165 3147 volere
1176 3096 1293 3167 posset;
1316 3105 1370 3149 uo·

251 3186 360 3263 lueret,
385 3192 419 3250 of.
439 3193 545 3270 Amph.
562 3193 631 3252 322.
649 3215 691 3232 -·-
714 3185 826 3251 Nolito
850 3185 1024 3262 (lunelli-sse,
1049 3211 1075 3248 1.
1095 3191 1194 3250 Madv.
1214 3191 1322 3270 Opuso.
1341 3191 1370 3249 Π

250 3315 279 3372 p.
295 3297 353 3354 124
366 3290 408 3372 e'q.
430 3325 472 3334 —
495 3297 565 3354 872.
591 3295 710 3353 Hiatum
728 3301 798 3371 post
820 3294 891 3354 tuae
907 3293 1039 3352 defendit
1058 3293 1178 3352 Laohm.
1199 3295 1367 3354 adhaeret.

250 3419 279 3477 p.
305 3399 380 3470 2003
409 3397 445 3456 ei.
470 3397 586 3472 Proleg.
610 3419 638 3475 p.
665 3399 735 3456 224.
783 3397 901 3456 Mulier.
924 3397 1007 3455 Proe.
1033 3417 1060 3473 p.
1085 3398 1161 3455 585:
1195 3399 1279 3472 „alae
1302 3404 1368 3456 tuae

250 3497 440 3576 hirquinee“;
475 3521 508 3559 oo
536 3520 607 3558 sone
636 3499 824 3560 substantivo
846 3520 924 3578 aegre
946 3519 1042 3558 cereo.
1070 3527 1113 3538 -
1144 3501 1214 3560 873.
1254 3495 1368 3562 Uerum

251 3598 347 3676 611161,
381 3623 446 3662 6661
474 3624 500 3662 v.
534 3605 594 3662 876
623 3603 819 3680 iungendum
854 3603 890 3662 oi.
919 3602 990 3662 cist.
1022 3604 1072 3660 81.
1117 3603 1184 3662 Ter.
1209 3603 1265 3662 Ad.
1298 3605 1366 3664 201.

188 3689 191 3696 ’
250 3705 380 3780 Langen.
403 3705 495 3764 Beitr.
518 3727 547 3784 p.
575 3708 633 3765 117
656 3708 763 3764 iniuria
786 3705 939 3782 particulae
965 3701 1104 3779 „uerum“
1130 3705 1209 3783 apud
1232 3706 1367 3766 Plautum

250 3809 337 3867 aliem
360 3811 418 3867 vim
442 3808 549 3867 tribuit
576 3829 663 3886 quern
691 3808 770 3884 apud
793 3815 909 3866 eeteros
930 3808 1098 3884 scriptores.
1128 3837 1170 3846 -
1198 3803 1268 3884 qui,
1299 3813 1319 3870 i.
1343 3831 1366 3867 e.

250 3914 275 3970 si
298 3913 374 3990 quis,
399 3933 426 3970 v.
444 3912 481 3970 ed
498 3912 577 3971 Men.
598 3913 669 3970 947.
695 3940 731 3952 -
756 3908 848 3972 modo
871 3910 1005 3970 Guietue.
1050 3909 1136 3982 Quod
1158 3915 1226 3988 post
1251 3908 1364 3984 „noiit“

249 4018 280 4075 in
308 4015 372 4076 eod.
396 4013 419 4073 C
446 4034 580 4094 personae
608 4017 737 4093 apetium
766 4021 826 4086 est,
860 4016 891 4072 in
915 4017 939 4072 A
970 4015 1073 4072 lacuna
1101 4012 1266 4087 indicetur,
1300 4035 1367 4073 num

255 4121 352 4192 „norit
373 4115 464 4176 setis“
485 4115 620 4176 11111-
639 4119 708 4176 874.
736 4118 789 4191 „A,
813 4118 863 4194 qui
882 4135 1036 4193 pei-sonem
1055 4115 1221 4192 Syncerasti
1241 4119 1366 4175 omittit:

250 4223 334 4296 quasi
363 4227 396 4278 tu
424 4227 523 4279 tacere
551 4240 623 4278 uero
651 4222 806 4298 quiequam
834 4221 912 4297 potis
941 4239 971 4278 es
1000 4219 1139 4290 rectiue“‚
1169 4217 1264 4296 Gepp.
1297 4217 1365 4292 „tu“

249 4323 301 4381 illo
325 4324 427 4381 saltem
451 4324 515 4382 loeo
537 4323 694 4382 delendum
718 4341 780 4380 esse
803 4323 916 4380 numeri
940 4322 1107 4381 ostendunt.
1162 4335 1237 4380 uero
1259 4325 1365 4382 retinui
