2940 5008
303 467 364 528 314
777 461 927 515 Mercator.

388 657 531 716 Fabulam
563 659 664 715 everi
693 656 887 715 similitudine
916 677 974 714 non
1002 655 1077 713 nihil
1100 655 1310 724 abhorrentem,
1338 653 1385 710 aed

301 761 458 820 admodum
486 760 640 818 ridiculam
669 780 704 817 ex
732 759 926 832 Philemonis,
961 778 1026 834 quaa
1053 757 1191 832 Ἐμπορος
1224 755 1381 826 vocabatur,

300 863 423 922 Plautus
446 865 543 935 vertit,
575 885 602 922 v.
626 865 740 920 9—-10,
785 861 829 920 Ex
852 861 1066 920 recentioribus
1088 862 1185 938 poetis
1208 860 1323 918 eandem
1345 857 1381 914 ln·

301 968 398 1026 bularn
417 987 500 1025 suam
516 965 586 1024 fecit
603 965 717 1038 Cecchi,
734 965 826 1023 Italus
848 965 945 1037 homo,
969 967 1052 1024 cuius
1073 963 1174 1022 subula
1199 961 1261 1038 „La
1277 957 1379 1020 stiava“

301 1071 431 1128 Venetiis
457 1071 537 1127 1550
560 1069 642 1126 edita
664 1073 718 1126 est.

384 1172 581 1231 Personarum
604 1173 724 1228 nomina
746 1174 809 1228 eius
832 1173 948 1246 generis
971 1176 1050 1242 sunt,
1079 1190 1138 1247 quo
1160 1169 1250 1244 vulgo
1272 1169 1383 1227 uteban-

298 1283 348 1334 tur
359 1275 463 1349 Graeci,
480 1295 534 1333 nec
551 1274 707 1333 admodum
724 1273 885 1350 premenda
902 1279 948 1331 est
964 1273 1141 1350 significatio
1161 1291 1271 1344 eorum,
1290 1291 1381 1348 qusin-
1459 1292 1464 1341 1

299 1399 385 1456 quam
408 1381 439 1436 in
460 1397 520 1438 uno
542 1383 573 1436 et
591 1379 685 1436 altero
703 1381 845 1435 rationem
869 1377 999 1453 aliquem
1021 1381 1110 1455 poeta
1131 1383 1249 1434 secutos
1265 1374 1383 1446 videtur,
1464 1371 1465 1384 ¹

298 1485 379 1541 velut
400 1483 480 1560 quod
500 1475 735 1556 Pasicompsam
757 1481 908 1538 mulierem
932 1481 1009 1538 dixit
1030 1479 1258 1557 pulcherrimam
1280 1483 1308 1534 ot
1329 1496 1383 1533 oru-

297 1586 384 1644 nibus
406 1587 494 1644 rebus
511 1589 656 1655 ornatam,
681 1605 708 1641 r.
727 1585 797 1656 508,
821 1577 1049 1641 Acanthimlem
1060 1611 1101 1620 --
1113 1585 1143 1640 in
1159 1581 1244 1640 codd.
1261 1578 1383 1652 „dolian-

297 1686 358 1746 tio“
383 1687 584 1747 scribitur-
606 1705 723 1744 servum
751 1685 925 1744 iracundum
948 1679 989 1761 (v.
1016 1679 1104 1761 141),
1133 1689 1183 1762 qui
1206 1703 1295 1761 quum
1320 1684 1384 1740 olim
1466 1683 1467 1690 ³

297 1791 474 1869 pedagogus
495 1790 608 1865 fuisset,
631 1809 708 1848 nunc
723 1788 795 1846 hero
813 1791 1004 1846 nuntiaturus
1021 1788 1173 1846 mulierem
1192 1807 1209 1846 a
1225 1793 1308 1866 patre
1323 1805 1383 1844 con·

296 1899 427 1971 spectem
451 1912 523 1964 esse,
552 1894 694 1951 morando
719 1892 937 1950 adulescentem
959 1893 1161 1970 impatientem
1185 1892 1268 1967 quasi
1289 1891 1384 1948 stimu-

296 1995 333 2052 lis
354 1997 462 2072 pungit
485 2000 515 2052 et
537 2001 674 2072 torquet,
703 1994 809 2072 quibus
831 1997 929 2055 nescio
957 2015 993 2053 an
1021 1993 1091 2052 addi
1114 1995 1211 2073 possit
1231 1987 1386 2070 Euryclue

296 2097 474 2172 adulescens,
499 2099 581 2156 cuius
603 2099 680 2156 felici
703 2117 796 2175 opera
818 2105 879 2156 tota
902 2119 949 2156 res
971 2098 1169 2176 componitur,
1192 2101 1223 2154 et
1246 2091 1385 2174 [psim-

296 2195 369 2258 cllus
391 2219 480 2259 senex
502 2201 576 2258 nihil
597 2203 690 2277 magis
717 2203 824 2260 timens
846 2221 934 2278 quem
961 2201 1063 2260 uxoris
1085 2201 1191 2276 iurgia.
1236 2199 1271 2258 In
1293 2199 1386 2258 erche-
1466 2199 1469 2264 ς

295 2309 367 2381 typo
389 2323 582 2383 personarum
605 2309 681 2362 notae
704 2305 812 2364 Graecae
834 2305 943 2364 littorae
970 2303 1091 2362 fuerunt
1119 2303 1155 2361 ad
1183 2322 1251 2361 eum
1272 2321 1387 2373 morem,

295 2427 381 2482 quem
412 2410 638 2465 commemoravi
662 2405 778 2483 Proleg.
803 2429 831 2484 p.
858 2410 926 2465 158.
972 2405 1045 2464 Eius
1067 2405 1192 2480 vestigia
1216 2406 1239 2462 B
1261 2408 1387 2464 servavit

294 2511 323 2566 iu
347 2517 479 2567 extreme
502 2509 607 2567 lubulae
630 2512 748 2586 pagiua,
773 2514 789 2567 i.
816 2531 839 2567 e.
864 2533 881 2567 u
904 2531 929 2567 r.
958 2511 1036 2567 1003
1063 2505 1103 2580 (v,
1127 2508 1239 2567 Rilsch.
1264 2531 1292 2585 p.
1309 2502 1386 2580 129),

293 2612 345 2670 nbi
361 2611 470 2671 Graecae
486 2613 594 2670 littere
614 2613 738 2670 ceruleo
761 2614 860 2672 colore
877 2615 964 2689 pictas
980 2617 1098 2670 exstant
1114 2623 1147 2684 A,
1170 2623 1204 2688 B,
1229 2620 1260 2686 Γ,
1284 2613 1388 2690 quibus

293 2714 497 2792 significantur
509 2714 710 2789 Lysimachus,
733 2715 890 2793 Demipho,
914 2715 1074 2790 Eutychus,
1099 2714 1135 2773 ds
1158 2734 1216 2791 quo
1239 2735 1276 2772 ue
1299 2716 1389 2774 lector

292 2818 453 2889 dubitaret,
483 2820 534 2894 qui
555 2837 748 2896 personarum
771 2824 856 2876 notas
880 2819 1002 2876 Latinas
1025 2819 1115 2877 rubro
1138 2818 1236 2877 colore
1264 2817 1387 2890 addidit,

291 2921 341 2978 nbi
358 2924 489 2997 primum
505 2926 706 2996 occurrerunt,
731 2921 834 2980 eodem
851 2921 949 2981 colore
968 2921 1036 2993 LIS,
1061 2922 1097 2997 D,
1121 2919 1147 2978 Ε
1168 2924 1388 3001 superscripsit.

376 3022 558 3101 Scriptorum
581 3023 689 3082 codicis
711 3023 1002 3084 Palatino-Vaticani
1024 3045 1060 3083 ex
1082 3025 1236 3084 Ritschelii
1259 3027 1389 3086 editione

291 3125 427 3196 indicavi,
458 3111 734 3203 Heidelbergensem
758 3130 820 3205 ipse
843 3127 964 3186 contuli.
1009 3126 1199 3187 Ambrosiani
1221 3129 1302 3202 lolia,
1324 3149 1388 3206 quae

290 3229 348 3286 huc
375 3231 535 3306 pertinent,
567 3211 629 3289 hiec
658 3230 718 3288 fere
747 3234 970 3290 continuerunt:
1005 3225 1182 3304 ult-317,
1210 3233 1390 3308 449-54‘1,

293 3325 513 3407 suun-610,
543 3327 765 3406 truh—705,
798 3335 979 3405 llll—7793
1011 3333 1105 3411 Gepp.
1129 3334 1214 3393 Stud.
1239 3334 1389 3394 Pleutll

291 3453 319 3510 p.
345 3435 383 3490 89
415 3434 499 3492 addit
527 3435 694 3495 383—400
723 3442 753 3494 et
780 3437 840 3494 401
865 3457 938 3513 sqq,
973 3437 1025 3495 sad
1055 3445 1085 3495 et
1112 3457 1213 3496 corum
1242 3444 1272 3496 et
1301 3439 1390 3497 iniis

290 3538 406 3613 paginis
425 3537 476 3594 ubi
493 3537 615 3596 luerunt
631 3558 677 3597 vr.
693 3541 848 3612 suu-93,
872 3541 1018 3598 671—88
1030 3539 1092 3598 fere
1111 3539 1183 3598 nihl
1202 3542 1261 3616 legi
1278 3547 1388 3619 potuit.

290 3637 445 3715 Singnlere
468 3639 578 3699 accidit
600 3642 679 3717 quod
698 3663 732 3700 ea
753 3643 865 3719 pagina
882 3661 948 3719 quae
965 3663 1067 3704 versus
1087 3641 1233 3703 tlt—62
1256 3647 1392 3706 eontinet

290 3743 335 3801 bis
357 3745 469 3818 scripta
491 3746 613 3803 inventa
635 3751 688 3816 est,
718 3751 798 3823 etp.
826 3747 883 3804 193
909 3751 939 3803 ct
962 3767 990 3824 p.
1015 3746 1094 3820 213,
1114 3748 1166 3808 sed
1196 3749 1293 3808 altero
1323 3749 1391 3809 loco

289 3846 437 3923 scriptura
459 3848 518 3905 iam
541 3846 578 3905 ab
602 3851 676 3925 ipso,
699 3849 750 3924 qui
773 3848 902 3907 codicem
925 3853 1054 3927 scripsit,
1081 3856 1117 3910 ut
1137 3852 1266 3926 videtur,
1289 3853 1392 3914 deletu

289 3953 344 4022 ast,
371 3953 407 4007 nt
428 3950 470 4008 ibi
492 3951 612 4028 quidem
634 3970 783 4028 perpauca
805 3953 863 4029 lagi
885 3954 1051 4030 potuerint,
1079 3973 1107 4013 v.
1130 3953 1327 4015 Studamund.
1354 3959 1391 4016 de

289 4055 361 4109 acte
385 4051 478 4111 Stichi
506 4059 641 4130 tempore
662 4075 692 4132 p.
715 4057 752 4112 17
770 4075 835 4132 sqq.
879 4055 1107 4116 Ambrosianum
1135 4060 1224 4116 etiarn
1251 4062 1318 4137 ipsa
1341 4061 1392 4121 hic
1468 4137 1469 4146 ἵ

288 4154 349 4212 illic
369 4156 493 4232 inspexi.

722 4326 949 4348 -Ψ-ῂ-
