2940 5008
100 1657 178 1778 Qec
201 1724 336 1796 tempore
363 1721 446 1796 prior
473 1718 562 1776 huius
584 1717 742 1780 voluminis
767 1739 835 1797 pere
859 1719 941 1778 edite
965 1725 1024 1792 eet,
1055 1721 1119 1798 ipeo
1141 1739 1225 1798 pere-

96 1823 274 1898 grinetionie
308 1841 397 1881 eeuee
424 1819 505 1879 ebfni
533 1826 563 1880 et
589 1821 771 1898 posteriores
799 1824 862 1880 eius
897 1823 1030 1899 piagniee
1062 1824 1223 1882 amicornm

97 1944 169 1983 eure
192 1929 331 1983 correcte
360 1925 444 2002 prelo
473 1924 627 1984 submisse
655 1929 733 1984 eunt.
789 1925 919 1996 Quorum
949 1925 1105 2001 diligentia
1135 1945 1224 2003 quum

99 2030 206 2086 merito
235 2027 387 2087 lendende
414 2025 467 2099 eit,
501 2032 600 2086 tamen
629 2029 653 2086 ei
680 2027 753 2104 quid
783 2027 846 2104 ipee
876 2029 992 2086 incurie
1020 2047 1222 2106 peccaveram,

98 2131 127 2188 id
146 2131 304 2190 emendare
321 2149 381 2189 non
398 2135 467 2189 eunt
484 2131 558 2188 anei.
592 2131 696 2208 lteque
713 2135 823 2208 praeter
840 2149 884 2202 ee,
898 2149 963 2206 qne
982 2131 1040 2188 iem
1058 2131 1096 2189 ed
1114 2131 1222 2189 celcem

99 2236 208 2312 prioris
230 2234 325 2310 partie
348 2237 482 2292 correcte
504 2239 588 2306 eunt,
622 2253 681 2292 non
709 2233 793 2292 nulle
822 2231 894 2290 mihi
924 2238 1028 2310 poetee
1057 2233 1103 2290 vel
1127 2253 1224 2292 emen·

100 2336 197 2394 dende
220 2336 268 2395 vel
291 2333 429 2393 addenda
452 2337 515 2394 viee
543 2340 620 2394 ennt.
677 2335 808 2408 Quorum
836 2355 894 2395 non
923 2337 1030 2411 exigue
1059 2355 1130 2412 pere
1158 2336 1224 2394 eliis

99 2437 239 2510 debetur,
274 2439 398 2496 maxime
434 2437 539 2496 Ioanni
569 2437 817 2496 Forohhemmero
852 2455 930 2510 meo,
968 2438 1076 2496 rectori
1114 2437 1225 2497 schole

99 2541 297 2616 deflerim,
321 2541 371 2618 qni
394 2541 478 2600 lectie
501 2541 547 2599 hie
571 2539 687 2598 duebue
710 2539 817 2599 febulie
840 2539 1063 2598 emendationes
1086 2545 1117 2598 et
1139 2541 1224 2600 dubi·
1260 2597 1262 2602 .

101 2647 227 2703 tationes
254 2664 322 2703 enee
347 2663 458 2702 meeum
480 2644 716 2702 communicarit.
767 2643 838 2715 Qun
868 2649 965 2700 eutem
994 2661 1089 2718 nnper
1111 2641 1225 2718 prodiit

101 2741 276 2806 Mercatorie
304 2747 398 2806 altere
427 2745 518 2805 editio
541 2745 746 2806 Ritecheiiene
773 2744 941 2821 eGeorgio
964 2743 1088 2802 Goetzio
1120 2763 1223 2820 recog·

100 2851 177 2924 nite,
213 2849 352 2927 qnoniam
381 2850 525 2908 editorem
555 2849 752 2922 „verecundie
779 2850 876 2908 vetnit
898 2849 929 2904 in
951 2847 1093 2906 reiciendi
1117 2850 1223 2906 summi

100 2953 152 3010 viri
171 2951 343 3011 commentis
360 2949 485 3010 eudeeie
500 2948 576 3025 uti“,
593 2953 637 3010 ite
656 2957 743 3010 utne
761 2951 792 3008 in
811 2951 918 3008 ordine
941 2948 1060 3026 quidem
1083 2969 1222 3010 versuum
1348 2973 1351 2980 ·

101 3074 117 3110 e
137 3056 273 3129 vestigiis
293 3055 357 3114 eine
375 3055 526 3127 digreeene
543 3055 591 3129 eit,
614 3054 710 3114 minue
727 3053 798 3112 mihi
816 3055 896 3126 novi,
919 3071 1007 3130 quem
1025 3071 1241 3130 sperarem,⁵

101 3157 235 3230 prebuit.
281 3157 350 3216 Hrec
373 3157 466 3234 igitur
487 3157 576 3216 velim

343 3335 633 3432 ,enituntur
661 3335 719 3417 cd
746 3335 963 3418 tuncino

508 3485 538 3540 in
561 3481 658 3540 Milite
681 3479 811 3556 glorioso
838 3539 841 3544 .

103 3632 172 3711 Peg.
218 3639 235 3694 6
259 3655 287 3694 v.
312 3637 351 3694 20
374 3634 536 3695 ecribatnr:
562 3631 668 3695 dicam
690 3665 731 3674 -
755 3637 791 3694 tu
815 3651 899 3714 quae

113 3767 149 3778 -
194 3741 271 3798 21-
307 3740 389 3798 268Υ
435 3767 473 3779 -
526 3735 592 3796 :Si
614 3733 747 3797 inuenio
771 3733 846 3816 quoi
870 3731 959 3808 dixit,

112 3869 145 3880 -
192 3870 235 3880 —
257 3860 320 3900 ver.
345 3843 446 3919 ecript.
469 3859 496 3899 v.
522 3845 555 3900 5:
580 3843 640 3899 268
665 3844 716 3918 qui
804 3819 881 3898 uidit
903 3833 974 3900 BG.

111 3971 146 3982 -
193 3943 231 4004 91
256 3966 284 4002 v.
312 3947 391 4004 1067
414 3941 576 4002 scribetur:
603 3937 774 4004 Paloesirt'o

498 4038 680 4116 deed?

441 4174 444 4178 ·
554 4141 768 4223 Milphidc'crpc

684 4243 728 4309 Ut
749 4244 836 4324 ludo,
860 4263 984 4330 nequeo
1008 4243 1117 4310 hercle
1140 4251 1215 4312 cett.

112 4381 148 4394 -
190 4384 232 4395 -
256 4373 319 4414 vor.
343 4356 460 4433 script:
486 4355 565 4414 1067
590 4353 667 4427 Quid
689 4361 734 4415 eet
755 4359 790 4413 ut
811 4351 890 4413 ludo.
915 4352 975 4414 Pe.
