2938 4998
252 430 314 491 234
662 485 674 514 ·
732 423 896 478 Pseudolus.

251 621 323 678 mihi
347 615 558 692 munerigeruli
574 618 663 677 facite
681 624 751 678 ante
769 619 850 678 aedis
869 602 992 676 11111116Ι
1010 612 1138 677 adsint“.
1162 645 1205 658 -
1224 619 1279 676 181
1301 633 1377 677 usare

251 723 372 780 Parcus.
396 751 439 761 -
471 721 539 780 189.
576 715 664 780 Mihi
685 721 732 780 vel
754 715 800 780 mi
821 722 851 778 in
873 719 950 779 hunc
972 739 1089 780 versum
1112 722 1267 792 transtuli;
1299 722 1377 778 idem

252 831 381 902 systema
414 825 582 882 continuari
616 828 749 901 apparet.
808 819 933 896 „hodie“
965 829 996 881 et
1026 819 1135 896 „estis“
1172 843 1238 888 cum
1268 823 1377 882 Botbic

251 927 373 1000 sustuli;
407 927 442 984 R.
467 928 555 984 etiam
589 923 717 999 „domi“,
746 931 780 984 ut
802 927 856 984 sit:
895 925 992 998 „Quid
1022 925 1094 984 mibi
1120 923 1207 985 nisi“.
1239 956 1274 967 -
1306 923 1378 986 uini

251 1029 364 1102 Lamb,
378 1032 512 1106 quamvis
526 1032 616 1088 etiam
627 1028 741 1087 Nonius
756 1024 862 1101 ,uino“
876 1029 923 1088 bis
935 1028 1050 1103 afferat,
1062 1050 1092 1106 p.
1104 1031 1179 1088 500:
1204 1029 1376 1102 ,Ablatirus

253 1153 308 1210 pro
324 1135 461 1209 genetivo
481 1128 556 1190 cet.“
578 1138 608 1189 et
627 1133 687 1190 394
706 1151 767 1209 sq.:
795 1134 884 1203 ,uino
901 1131 989 1191 modo
1007 1132 1130 1207 cupidae
1151 1134 1238 1204 estis;
1260 1131 1305 1190 Ec
1324 1151 1376 1190 uos

251 1243 427 1313 uestrosqus
450 1234 524 1293 adeo
547 1237 674 1310 panticis
698 1235 916 1306 madefactatis,
941 1253 1007 1293 cum
1028 1249 1082 1309 ego
1105 1237 1161 1292 sim
1183 1235 1230 1292 hic
1251 1233 1374 1294 siccus'“.

251 1339 367 1400 Usener
390 1337 501 1396 delevit
522 1337 565 1396 sic
587 1335 733 1395 scribens:
772 1336 866 1409 ,Quid
883 1336 957 1395 mihi
975 1337 1055 1396 domi
1072 1339 1128 1395 nisi
1149 1337 1257 1396 melum
1274 1345 1377 1396 nostra

252 1447 374 1520 operest
402 1439 473 1498 hoce
503 1439 565 1510 die,
596 1437 758 1520 inprobae?
803 1438 846 1496 Εο
874 1459 928 1496 uos
956 1442 1141 1517 panticisque
1169 1445 1285 1499 nostros
1315 1460 1376 1498 ma·

252 1545 409 1602 delectatis
433 1537 507 1600 cet.“
544 1537 594 1600 Eo
618 1547 716 1600 autem
737 1541 840 1614 „ideo“
867 1549 998 1614 enarrat,
1023 1563 1126 1619 parum
1151 1545 1375 1602 verisimiliter.

255 1676 296 1688 -—
332 1647 400 1704 183.
435 1643 471 1702 R.
503 1663 568 1702 cum
597 1643 695 1702 Nonio
733 1651 927 1722 „nostrosque
962 1645 1036 1703 adeo
1068 1642 1234 1722 pantices“,
1266 1647 1374 1720 inepte.

252 1749 398 1826 Equidem
430 1767 505 1823 „que
528 1743 620 1805 sdeo“
650 1747 745 1806 delevi
775 1755 879 1824 utpote
908 1767 1008 1807 errore
1032 1748 1190 1807 scribentis
1212 1768 1266 1825 pro
1286 1744 1376 1806 triade

252 1854 358 1928 posite.
409 1850 519 1908 Versus
547 1855 676 1924 systema
704 1850 843 1910 claudens
866 1871 922 1929 pro
945 1852 1050 1909 ultima
1073 1851 1193 1928 dipodia
1216 1851 1375 1928 simplicem

252 1954 413 2012 trocbaeum
435 1951 535 2010 habet.
576 1951 663 2010 Both.
690 1949 774 2025 ,hio“
801 1952 919 2011 delevit.
961 1952 1004 2010 De
1027 1955 1213 2012 coniunctius
1235 1950 1293 2012 sim
1318 1953 1374 2010 rid.

253 2056 291 2113 aa
314 2055 378 2112 11.
406 2057 496 2114 icoo.
521 2083 562 2095 -—
588 2055 656 2113 184.
686 2049 773 2128 facta
796 2056 844 2114 est
866 2055 983 2130 samu,
1014 2056 1051 2114 ef.
1075 2056 1142 2113 Aur.
1167 2059 1237 2115 574.
1260 2086 1303 2094 -
1328 2061 1375 2127 ,ut
1449 2109 1450 2140 ,

254 2177 307 2216 suo
331 2177 477 2234 quemque
501 2158 649 2234 appellem
672 2155 808 2217 nomine“
834 2157 879 2217 Fl.
930 2173 1081 2236 quemque
1110 2160 1146 2216 de
1170 2160 1307 2231 muliere,
1342 2161 1373 2217 cl.
1449 2151 1450 2230 Ῐ

256 2261 344 2319 Ρ661.
369 2259 449 2320 Prol.
477 2263 546 2320 107.
593 2259 736 2319 Similiter
761 2259 966 2337 „quisqusm“,
991 2261 1080 2321 Most.
1105 2263 1164 2320 596
1189 2281 1255 2319 cum
1278 2271 1373 2320 annot.

251 2392 294 2402 -
310 2365 377 2422 185.
402 2363 460 2420 Pro
473 2357 640 2440 quaepiam
659 2361 801 2422 Fleckeis.
815 2371 845 2421 et
862 2364 984 2423 Usener.
1001 2360 1207 2441 „quisquam“.
1252 2363 1295 2421 Ne
1312 2367 1374 2440 quis

255 2464 380 2537 dubitet,
405 2468 477 2542 quin
501 2465 575 2524 illud
599 2473 667 2542 post
692 2463 765 2539 „ne“
791 2468 861 2543 poni
883 2467 987 2542 possit,
1013 2487 1038 2524 v.
1066 2469 1156 2526 1096.
1197 2465 1281 2543 Capt.
1308 2469 1372 2526 127.

254 2567 342 2626 Most.
357 2570 428 2626 531.
443 2571 514 2627 948.
550 2569 614 2627 Μ11.
638 2570 709 2627 433.
731 2570 801 2628 598.
818 2571 889 2628 991.
923 2569 1113 2646 nostrarum,
1136 2591 1163 2628 v.
1179 2569 1216 2627 ad
1228 2570 1333 2646 Amph.
1347 2571 1371 2627 4.

342 2673 411 2729 187.
434 2665 621 2749 ‘Hedyliam,
646 2675 664 2728 i.
684 2663 849 2744 ellddiaos,
873 2671 1243 2730 Taubmannus.-188.
1269 2667 1374 2747 quanli

253 2772 346 2850 Bugg.
364 2773 470 2832 Philol.
488 2775 588 2832 XXXI
606 2795 636 2851 p.
652 2775 721 2832 252.
748 2803 785 2814 —
815 2771 937 2834 190.'et
953 2769 1097 2848 (omiliae
1117 2775 1203 2833 Both.
1222 2804 1263 2814 -
1281 2791 1372 2852 crapas

252 2875 334 2934 Brix.
352 2877 428 2935 Ana.
447 2877 519 2952 pbil.
540 2875 616 2934 CXV
635 2897 663 2954 p.
684 2878 753 2936 330.
774 2905 816 2915 -
835 2871 951 2950 afletam
963 2877 1048 2936 codd.
1062 2883 1092 2934 et
1105 2877 1131 2935 h.
1146 2879 1164 2934 l.
1179 2883 1210 2935 et
1229 2877 1372 2936 interdum

253 2980 339 3051 alibi,
371 2981 418 3037 cui
441 2969 604 3057 scripturae
619 2985 762 3056 patronus
787 2982 904 3038 exstitit
926 2979 1080 3038 Domburt.
1106 2982 1181 3039 Ana.
1204 2980 1277 3058 phil.
1301 2980 1371 3039 CXV

253 3104 283 3160 p.
309 3083 379 3140 344.
403 3111 445 3122 ·-
471 3084 538 3141 192.
563 3075 719 3152 Iasonem,
745 3083 827 3139 aurei
851 3082 969 3140 velleris
991 3085 1130 3158 potitum,
1154 3103 1209 3159 pro
1232 3084 1371 3142 ditissima
1448 3085 1449 3154 1

254 3185 371 3242 homine
393 3184 531 3243 Plautum
555 3188 721 3244 nominasse
744 3203 809 3242 cum
832 3184 962 3258 Bergkio
986 3185 1092 3244 Philol.
1116 3185 1200 3244 XVII
1222 3207 1251 3263 p.
1276 3187 1316 3245 40
1333 3207 1370 3262 sq.
1448 3175 1449 3234 1

255 3294 284 3343 61
302 3286 449 3344 Lorenzio
469 3287 568 3348 credo.
603 3287 636 3346 R.
656 3308 691 3345 ex
710 3287 870 3346 Passeratii
888 3289 961 3346 coni.
984 3285 1178 3360 ,lesionem“,
1197 3288 1370 3359 Gretensem,

254 3408 341 3464 quem
365 3409 454 3466 quum
468 3389 555 3448 Ceres
578 3396 712 3462 amasset,
735 3390 855 3448 Plutum
879 3383 1005 3468 peperit,
1029 3389 1369 3462 stannaturae.

253 3490 373 3549 Hesiod.
393 3491 501 3567 Theog.
522 3493 593 3550 970.
639 3491 723 3562 Quod
747 3491 825 3568 apud
848 3491 982 3552 Graecum
1006 3495 1179 3568 scriptorem
1204 3495 1266 3552 sine
1289 3493 1370 3551 dubi·

252 3597 364 3652 tatione
391 3595 577 3670 proferrem,
613 3593 751 3652 Romanis
775 3594 873 3654 Plauti
903 3597 1067 3671 aequalibus
1090 3595 1206 3654 Cereris
1235 3599 1370 3654 amasium

253 3716 359 3772 parum
381 3704 485 3754 notum
509 3697 600 3756 luisse
623 3697 760 3756 arbitror.
812 3697 935 3757 Accedit
958 3699 1038 3775 quod
1062 3699 1138 3756 illud
1160 3688 1284 3757 numeri
1298 3717 1369 3757 cum·

252 3800 403 3857 mendant.
422 3829 465 3838 -
491 3801 559 3858 193.
584 3815 664 3877 qaae
685 3793 824 3876 loquitur
845 3803 953 3860 iniuria
976 3801 1051 3858 ina
1073 3803 1182 3860 omissa
1204 3821 1268 3860 esse
1290 3802 1370 3861 docet

253 3900 333 3960 de.
357 3921 386 3977 p.
414 3903 471 3961 164
496 3922 539 3979 sq.
565 3933 605 3943 —
628 3896 728 3974 Satin,
752 3923 778 3961 v.
803 3905 838 3962 ad
862 3903 1060 3981 Amputat.
1083 3933 1125 3943 -
1151 3905 1293 3963 las-95
1318 3904 1370 3962 duo

253 4003 372 4061 dimetri
395 4005 490 4063 trech.
515 4007 691 4078 catalectici,
722 4012 755 4063 ut
779 4007 918 4078 aaa-3,
944 4007 1100 4078 ala-14,
1125 4009 1281 4066 917-18.
1338 4007 1371 4067 Ut

251 4239 294 4248 -
321 4203 402 4269 baac
427 4223 493 4267 rem
520 4224 603 4285 pare,
640 4211 675 4267 of.
699 4209 737 4267 ad
760 4209 838 4267 Men.
864 4211 934 4269 812.
964 4239 1007 4265 -ι-
1039 4213 1107 4270 197.
1142 4205 1258 4272 Lanita
1287 4214 1369 4270 etism

252 4310 338 4388 Copt.
363 4313 423 4370 812
447 4331 491 4386 sq.
514 4311 702 4370 vehementer
724 4313 799 4368 male
822 4313 942 4370 dicitur.
992 4312 1131 4372 Leniense
1154 4321 1250 4372 autem
1274 4307 1369 4392 (Epid.

251 4126 341 4165 unum
353 4088 556 4182 septenarium
567 4109 706 4179 facerent,
728 4108 761 4166 R.
778 4103 1172 4182 ἰ11661ιι11“6(1.,11111161.
1190 4109 1262 4183 „Pol
1279 4107 1370 4168 istic“.
1447 4161 1448 4174 ,
