2940 5008
515 478 546 532 v.
565 480 701 532 oia-953
1103 485 1162 546 353

69 678 101 734 ci.
124 677 161 734 ad
185 677 275 754 Epid.
300 677 371 734 263.
416 675 500 754 Copt.
525 677 596 734 958.
642 673 705 732 Cae.
732 675 802 733 684.
838 703 874 716 -·-
912 677 983 734 939.
1022 671 1160 748 „eanuat“

68 777 196 852 Guiotne,
220 780 349 837 fortasse
371 783 461 836 recta.
484 807 526 818 -
548 771 626 836 mihi
648 775 715 835 add.
740 777 775 836 R.
799 807 840 818 -
864 779 933 836 940.
958 770 1163 856 &quaeretis

68 881 130 940 edd.
155 911 193 922 -
222 875 405 953 Clementer,
439 880 564 959 placido,
598 903 626 940 v.
651 879 689 938 ad
711 879 776 939 Mil.
800 882 871 939 695.
904 911 947 922 -
980 875 1089 958 calcet,
1122 901 1161 941 ao.

69 1005 155 1060 meae,
189 979 321 1057 deteri33
354 983 544 1062 properando
575 987 638 1042 tam
670 1003 771 1062 prosse
799 985 925 1043 amicum
953 986 1094 1062 sequitur,
1129 988 1164 1044 ut

69 1089 159 1147 calcea
193 1091 256 1146 eiua
290 1087 429 1148 offendat.
464 1116 505 1128 —
540 1088 611 1146 942.
636 1085 687 1144 R.:
724 1090 851 1160 „iratast
883 1083 942 1162 ei“,
975 1087 1059 1147 Mull.
1087 1089 1164 1161 „aiat

68 1187 173 1248 irata“.
218 1184 360 1264 Imodo,
388 1193 623 1268 intemperanter
646 1193 824 1250 seutentiam
846 1192 1051 1268 interrumpit3
1079 1184 1163 1248 irata

63 1293 190 1368 propior
211 1289 315 1353 istanc
337 1283 487 1369 iungenda'
506 1299 584 1352 eunt.

151 1604 223 1661 945.
247 1599 442 1676 Lysimachus
459 1619 477 1658 a
494 1599 680 1679 Demiphone
698 1600 873 1677 postulavit,
895 1605 930 1658 ut
950 1602 1103 1660 mulierem
1126 1601 1163 1660 ab

70 1705 177 1764 odibua
200 1706 260 1764 suis
283 1703 454 1776 obduceret,
477 1723 505 1762 ι.
531 1705 600 1761 786.
645 1703 728 1761 Inter
750 1703 979 1782 colloquendum
1001 1705 1161 1781 nequitiam

70 1808 94 1863 ei
127 1806 335 1885 exprobravit;
367 1803 529 1882 respondet
557 1805 718 1884 Demipho,
753 1826 784 1866 ee
817 1825 877 1865 non
910 1806 1057 1880 dubitare,
1091 1808 1162 1883 quin

70 1911 156 1968 etiam
178 1909 373 1985 Lysimachus
399 1909 461 1966 talo
484 1909 556 1985 quid
577 1909 689 1967 fecerit.
735 1909 844 1966 Verum
867 1929 1005 1969 versuum
1028 1910 1161 1968 ordinem

70 2013 216 2072 Acidaliae
246 2013 386 2070 restituit.
432 2013 554 2088 Antiqui
584 2012 714 2070 editores
742 2031 832 2088 quum
860 2013 1039 2090 principium
1068 2031 1163 2072 scente

71 2116 209 2174 excidisse
242 2120 393 2191 putarent,
432 2114 567 2172 undecim
601 2133 703 2174 verane
737 2115 927 2188 addiderunt,
965 2135 1040 2192 quoa
1073 2115 1162 2174 hodio

70 2239 152 2276 nemo
179 2219 270 2276 ullius
299 2219 390 2294 pretii
419 2217 517 2276 habet.
562 2217 620 2276 Sed
643 2219 730 2276 etiam
754 2217 789 2276 R.
813 2219 933 2276 initium
955 2237 1047 2276 aoenae
1071 2219 1162 2276 inter·

72 2321 173 2380 cidieae
194 2322 324 2393 cenauit3
354 2341 420 2379 eum
443 2325 523 2379 recte
544 2320 688 2380 refutavit
710 2320 846 2398 Spengel.
870 2321 967 2380 Plaut.
990 2341 1020 2397 p.
1044 2321 1084 2378 47
1108 2341 1162 2397 aq„

72 2444 122 2482 neo
149 2425 205 2483 alia
232 2425 367 2500 exempla
388 2423 503 2498 desunt,
532 2425 584 2482 ubi
611 2443 744 2502 pereonae
766 2425 798 2482 in
820 2423 917 2484 medio
940 2443 1073 2484 sermone
1095 2443 1162 2484 ver·

73 2533 167 2585 sontes
193 2529 224 2586 in
246 2529 434 2604 proscenium
456 2531 569 2600 exeant,
598 2530 633 2584 ut
654 2525 719 2585 Coa.
744 2528 815 2585 414.
849 2527 939 2585 Poou.
964 2529 1035 2586 959.
1070 2527 1162 2604 Spen-

71 2629 122 2704 gel.
145 2629 425 2705 Actoneintheilung
454 2649 483 2706 p.
508 2631 546 2687 41
580 2631 671 2688 etiam
700 2629 780 2707 apud
807 2628 951 2688 Gaesarem
981 2629 1015 2687 B.
1039 2627 1073 2688 (i.
1098 2629 1162 2702 vn,

72 2733 106 2789 38
136 2736 299 2792 orationem
328 2753 346 2788 a
372 2751 435 2790 voe.
483 2726 585 2806 Quasi
612 2734 743 2811 inoipero
773 2733 993 2791 animadvertit.
1032 2713 1161 2791 'Plautua

71 2840 261 2914 autemsaepe
284 2837 327 2892 ita
348 2836 443 2912 ponit,
473 2842 508 2892 ut
531 2833 671 2893 audietur
691 2837 836 2912 primaria
857 2835 1014 2908 sententia,
1036 2855 1064 2893 r.
1090 2836 1160 2893 504.

74 2936 231 2997 Conciti.
276 2937 383 2996 Pseud.
408 2939 478 2996 612.
504 2938 574 2996 637.
620 2937 696 2996 Rud.
722 2939 771 2997 99.
816 2937 898 2997 Triu.
924 2939 994 2996 891.
1040 2937 1160 2996 Trucul.

75 3041 138 3097 531.
182 3041 248 3099 Ter.
272 3040 367 3100 Andr.
393 3041 463 3100 502.
492 3071 535 3080 -
563 3041 634 3100 946.
657 3039 717 3098 Pro
744 3035 871 3116 Edepol
893 3039 1028 3117 Seyffert.
1052 3039 1159 3100 Philol.

71 3139 146 3199 XXV
171 3163 200 3219 p.
225 3145 303 3202 462:
341 3143 424 3218 „Ego
446 3139 527 3220 pol“.
571 3141 714 3202 Extrema
742 3149 884 3221 corrupta
909 3151 993 3218 eunt3
1027 3143 1072 3203 ed.
1095 3163 1158 3221 pn:

74 3245 135 3315 „uix
155 3248 242 3304 uiuus
259 3266 324 3304 aum
341 3242 465 3318 miaer“;
489 3245 539 3304 R.:
563 3247 632 3321 „uix
650 3247 721 3306 uiuo
739 3241 865 3320 miaer“;
888 3263 959 3322 ogo:
982 3241 1038 3325 qui
1053 3242 1161 3322 fierem

72 3341 168 3406 miae.
191 3379 233 3388 —
258 3351 329 3407 947.
354 3343 448 3423 Nom,
473 3369 501 3408 v.
525 3349 562 3407 ad
584 3349 667 3408 Asin.
684 3351 753 3409 122.
776 3379 818 3390 -
840 3344 876 3408 ia
897 3343 1051 3424 fermento
1072 3347 1159 3423 iacet,

72 3449 112 3506 ira
140 3451 243 3524 servet,
276 3453 313 3510 cf.
337 3451 402 3510 Oaa.
428 3453 504 3512 302:
543 3451 647 3526 „Nunc
680 3455 711 3511 in
743 3453 890 3511 fermento
923 3457 990 3512 tota
1023 3459 1082 3524 eet3
1115 3455 1160 3512 ita

71 3555 162 3630 turget
188 3549 291 3614 mihi“.
337 3554 439 3614 quen.
464 3557 492 3628 3,
526 3556 601 3614 188:
639 3554 739 3629 „iatud
765 3556 943 3614 termentum
972 3555 1030 3615 tibi
1052 3551 1158 3616 habe“.

74 3681 104 3692 -
127 3659 195 3716 948.
219 3653 491 3736 enpuripatioaem
513 3656 547 3716 R.

148 3761 218 3820 950.
242 3761 345 3820 Titulo
374 3779 457 3820 norro
485 3779 580 3819 aeonae
602 3762 633 3818 in
656 3759 678 3818 0
700 3761 822 3820 additur
848 3753 931 3820 Out
951 3762 1029 3836 4613
1063 3765 1158 3820 extro·

72 3877 148 3936 nam,
171 3863 270 3938 credo,
293 3861 402 3922 fabulae
425 3883 544 3923 aoenam
566 3863 629 3923 sine
650 3863 782 3923 tibicinis
804 3867 892 3922 cantu
914 3865 963 3940 agi
985 3883 1045 3922 uon
1067 3883 1156 3942 opor-

74 3964 156 4025 tebat.
183 3995 227 4006 -
249 3966 331 4026 Duoe
359 3967 472 4044 primos
501 3986 603 4026 verena
625 3967 656 4024 in
679 3966 763 4026 codd.
791 3971 980 4044 permutatos
1007 3985 1070 4025 ease
1099 3969 1159 4025 iam
1282 3963 1284 3968 ’

74 4061 188 4140 Pyladea
211 4069 431 4129 animadvertit.
472 4069 521 4142 lia,
541 4069 596 4145 ¹qui
618 4071 697 4128 intus
719 4075 797 4143 aunt,
821 4070 883 4128 haec
905 4068 1054 4126 dicuntur.
1088 4062 1158 4128 Iam

74 4165 163 4245 redeo,
197 4174 232 4231 cf.
263 4172 330 4231 Ter.
363 4171 436 4231 Eun.
472 4173 548 4231 493:
597 4173 756 4244 „continuo
785 4167 888 4231 exao“.
923 4171 961 4230 ad
988 4170 1077 4230 Most.
1104 4173 1157 4245 16;

76 4269 165 4332 alibie
188 4275 266 4347 „Iam
300 4275 349 4332 hic
381 4270 464 4348 ero“‚
497 4295 526 4334 v.
550 4275 587 4333 ad
609 4274 717 4351 Amph.
741 4275 811 4334 962.
845 4303 888 4314 -
919 4267 992 4333 LY.
1017 4273 1083 4332 edd.
1128 4273 1158 4332 Ia

77 4370 122 4432 filii
143 4376 231 4435 verba
253 4377 378 4436 audivit.
406 4406 449 4416 —
477 4378 548 4436 952.
572 4371 749 4438 advertistis
771 4377 851 4436 Cam.
874 4405 917 4416 --
939 4378 1010 4436 953.
1027 4371 1158 4452 placata

919 4509 953 4562 23
