2982 5000
233 437 293 499 192
733 431 824 488 Plauti

669 619 913 688 Giddeneme
981 666 986 675 -

229 727 328 813 Apud
351 721 465 794 aeffem
488 727 632 795 Ueneris.

721 847 858 913 Hanno

684 953 769 1032 Quid
792 955 836 1020 ibi
859 955 1004 1023 faciunt?
1028 957 1080 1022 dio
1101 956 1189 1022 mihi.

331 1174 335 1182 Ι
669 1096 915 1164 Giddeneme

230 1203 429 1288 Aphrodisia
450 1203 547 1271 hodie
571 1203 707 1272 Ueneris
730 1211 781 1271 est
803 1205 903 1272 festus
926 1206 1008 1288 dies;

229 1311 370 1378 Oretum
392 1314 501 1378 ierunt
523 1311 628 1393 deam,
650 1317 687 1378 ut
709 1313 771 1378 sibi
795 1320 880 1378 esset
902 1315 1054 1398 propitia.

705 1455 774 1520 Mil
810 1455 876 1522 hio

230 1561 292 1628 Pol
314 1563 394 1628 satis
418 1563 485 1628 soio
507 1563 723 1647 inpetrarunt,
747 1477 878 1646 qulitudo
901 1563 954 1628 hia
976 1564 1030 1629 hio
1053 1565 1155 1630 adest.
1237 1593 1240 1600 ·

648 1705 939 1788 Agorastocles

234 1811 315 1892 Eho,
338 1833 381 1878 sn
403 1813 500 1878 huius
523 1819 599 1878 sunt
622 1813 717 1878 illaeo
740 1811 850 1878 filiae?

586 1975 591 1994 '
674 1953 919 2020 Giddeneme

798 2119 803 2130 .
888 2061 940 2128 Ita
962 2069 1000 2127 ut
1023 2062 1202 2146 praedicas.

231 2169 305 2234 'Tua
327 2169 432 2252 pietas
457 2169 551 2253 plane
573 2169 668 2235 uobis
691 2169 815 2235 auxilio
837 2169 909 2251 fuit,
1023 2188 1024 2191 ’

233 2277 340 2354 Quom
362 2276 425 2342 huo
448 2277 609 2342 aduenisti
631 2277 728 2342 hodie
751 2278 878 2362 inipso
902 2285 1065 2362 tempore;
1290 2297 1361 2349 1135

234 2385 381 2467 Namque
403 2385 501 2452 hodie
524 2405 636 2450 earum
659 2391 865 2450 mutarentur
887 2387 1021 2452 uomina

137 2513 140 2530 ¹
235 2493 459 2576 Fecerantque
481 2493 649 2578 indignum
673 2513 789 2576 genere
813 2499 986 2576 quaestum
1008 2515 1155 2579 oorpore.

746 2612 846 2678 Peter

237 2721 310 2786 Hau
333 2743 439 2788 amma
462 2722 536 2788 silli.

660 2828 903 2906 Giddeaeme

595 2937 713 3002 Hauon
736 2937 818 3004 bene
841 2937 918 3018 silli;
942 2940 975 3002 in
999 2939 1138 3003 mustiue

235 3045 487 3127 Mepstaetemes
510 3045 807 3112 tesdumetalansm
830 3046 989 3111 estumim.

652 3187 943 3271 Agorastocles

234 3294 324 3372 Quid
347 3295 395 3360 illi
417 3296 519 3361 locuti
541 3302 617 3360 suut
639 3297 725 3361 iuter
748 3297 804 3361 se?
829 3297 881 3362 dio
904 3289 991 3360 mihi.

725 3437 863 3503 Hanno

240 3543 379 3610 Matrem
402 3545 523 3610 salutat
546 3566 639 3610 suam
663 3545 724 3626 hio,
749 3547 829 3611 haec
853 3553 962 3612 autem
986 3545 1072 3610 huno
1095 3543 1206 3608 filium.

240 3651 325 3716 Tace
348 3659 447 3738 atque
470 3675 569 3736 parce
591 3653 742 3718 muliebri
766 3654 971 3738 supellectili.

242 3791 467 3799 ...ψῃ-...-

221 3857 223 3864 '
311 3875 375 3927 1129
394 3873 490 3928 truse
548 3873 761 3928 rreofesosa
823 3875 887 3927 1131
908 3872 1036 3928 deame
1100 3870 1357 3925 rraautesemao

241 3959 308 4012 1133
326 3958 387 4014 Eho
405 3959 460 4014 hau
478 3959 560 4014 huius
578 3959 605 4014 B
709 3958 758 4012 illa
777 3957 801 4012 ὦ
819 3957 848 4025 Ο,
866 3959 906 4012 illi
925 3957 949 4012 ἀ
966 3957 993 4012 Β
1091 3956 1161 4026 ,1134
1178 3956 1260 4010 nobis
1279 3955 1354 4024 plane
1472 3965 1475 4079 1

242 4044 307 4097 1138
325 4044 530 4099 Auammaillie
547 4043 891 4098 heuouoauesillimustide
906 4043 939 4113 A,
960 4043 1111 4097 Haudouee
1125 4041 1165 4096 illi
1178 4042 1271 4096 hanon
1286 4041 1352 4095 bene

240 4131 262 4183 si
280 4129 321 4183 illi
334 4130 485 4184 inmustine
500 4127 553 4184 Bo
629 4130 694 4182 1139
712 4126 1312 4197 Mipetaetemesteodumetalauamoestinum
1324 4127 1354 4184 rt

241 4215 457 4284 Mepeieteneste
478 4216 543 4269 dum
562 4220 590 4268 et
608 4215 717 4268 elamua
736 4215 875 4268 oestimtm
890 4214 922 4282 Β,
947 4215 1012 4268 item
1031 4213 1060 4280 0,
1081 4215 1138 4268 nisi
1155 4213 1228 4281 qaod
1244 4210 1290 4266 Me
1306 4212 1355 4280 ipsi

240 4302 307 4352 1141
327 4299 348 4352 B
367 4300 401 4364 Β,
419 4315 470 4354 om.
490 4299 513 4353 0
579 4299 624 4354 hio
643 4315 722 4353 suam
733 4299 762 4366 0,
782 4315 858 4353 susm
870 4298 897 4352 Β
943 4326 945 4331 ·
970 4297 1144 4354 11421acae
1163 4298 1254 4367 adque
1272 4297 1292 4350 13
