2982 5000
559 489 592 547 v.
612 495 756 549 τιτι-646.
1156 499 1218 561 243

85 690 193 744 eutem
217 687 292 746 dues
314 707 362 746 res
384 687 561 762 significare,
586 693 616 745 et
638 689 755 766 argenti
777 689 871 746 minus
894 693 924 746 et
947 709 1032 762 oves3
1055 689 1218 748 Varronem

84 791 172 848 euim
194 789 230 848 R.
254 789 289 848 n.
312 789 351 864 11,
376 791 404 864 2,
428 792 445 848 6
469 792 563 850 minue
590 809 661 850 oves
688 809 925 850 commemorare.
970 793 1019 850 An
1045 791 1124 868 quod
1152 793 1218 850 vitii

85 891 216 969 aliquod
237 912 330 969 genus
351 895 382 951 in
405 893 509 952 ovibus
532 891 687 968 significet,
710 896 808 970 ipsum
826 893 926 953 ovium
941 913 1033 968 genus
1051 894 1218 971 significare

84 995 216 1074 potest?
248 995 342 1056 Immo
364 998 512 1073 scripture
534 1015 656 1073 prorsus
678 1001 760 1054 certe
782 1001 836 1068 est,
860 1015 913 1054 nee
936 995 1143 1056 emendatione
1165 995 1218 1055 sed

82 1086 282 1157 ²elttnrrntione
310 1117 385 1176 opus
413 1105 467 1158 est.
519 1099 659 1176 Suspicor
685 1099 792 1175 igitur,
827 1100 961 1175 quemvis
985 1099 1098 1158 diserte
1119 1097 1219 1157 desint

85 1204 279 1273 testimonie,
313 1221 419 1272 nonus,
454 1203 561 1280 quibus
589 1221 723 1261 nummos
750 1201 878 1260 inclusos
906 1201 1022 1277 entiqui
1050 1201 1216 1275 gestabunt,

86 1325 118 1363 v.
152 1307 192 1364 ed
220 1305 311 1363 Mero.
337 1305 413 1377 913,
447 1324 482 1363 ex
510 1307 626 1378 agninis
647 1305 796 1362 intestinis
818 1301 922 1362 confici
944 1303 1049 1362 solitus
1078 1321 1152 1362 esse.
1175 1333 1218 1344 «-

89 1409 167 1466 331.
206 1412 234 1478 ,i
258 1403 390 1466 accerse“
416 1407 486 1467 Lor.
510 1425 577 1467 oum
605 1406 737 1466 Studsm.
760 1405 845 1466 Stud.
874 1405 888 1464 l
915 1425 946 1481 p.
971 1407 1041 1466 271.
1070 1435 1113 1446 -
1146 1407 1216 1466 332.

86 1505 137 1569 mi
160 1505 257 1570 mom
278 1531 315 1570 ex
338 1510 423 1569 codd.
448 1509 493 1582 R,
523 1515 681 1587 postquem
704 1509 770 1568 Ind.
793 1509 852 1568 sch.
878 1508 1217 1586 866618386666616

89 1614 238 1672 Saraceni
262 1615 461 1672 coniecturum
487 1608 648 1684 „Metism“
674 1614 869 1672 refutaverat.
893 1641 936 1651 -
959 1613 1029 1672 333.
1056 1604 1142 1685 Quid
1160 1605 1219 1670 eo?

87 1717 127 1774 cf.
153 1715 246 1774 Pcsn.
272 1717 342 1776 330.
382 1716 465 1776 Pers.
495 1717 567 1775 236.
594 1746 638 1756 -
666 1709 765 1774 Lunil
793 1734 854 1773 non
876 1733 987 1790 omnes,
1011 1715 1108 1786 oredo,
1133 1719 1219 1772 extre

88 1825 214 1897 portem
235 1817 426 1891 habitabunt3
460 1819 512 1878 sed
537 1817 701 1878 Pseudolus
725 1816 877 1877 carnifices
899 1815 1061 1894 significet,
1091 1835 1217 1894 quorum

88 1923 139 1980 bic
162 1921 246 1980 locus
269 1926 343 1994 eret,
366 1943 394 1981 v.
412 1921 525 1982 Polluc.
544 1921 594 1994 IX,
617 1922 669 1980 10:
694 1921 709 1978 ὁ
725 1921 837 1996 δήμιος.
852 1919 942 1985 ..ἔξω
961 1921 1065 1986 πόλεως
1081 1921 1217 1993 κατοικῶν,

88 2026 129 2082 cf.
156 2025 195 2082 sd
214 2023 278 2084 llil.
293 2025 364 2084 361.
399 2023 462 2084 Eos
482 2019 586 2084 lanios
608 2039 677 2083 cnm
699 2015 922 2083 tintinnabulis
938 2023 1022 2096 dicit,
1046 2027 1080 2080 nt
1097 2014 1220 2082 TrucuL

3 2203 8 2214 ι
90 2129 172 2186 769ε
199 2127 282 2201 „Nisi
304 2128 330 2184 si
353 2127 390 2185 ed
412 2127 624 2186 tintinnaculos
646 2127 737 2185 uoltis
760 2145 814 2184 uos
838 2126 923 2185 educi
945 2121 1058 2185 uiros“.
1103 2123 1220 2185 Tintin-

88 2231 204 2290 nsbule
231 2237 330 2288 sutem
357 2236 494 2306 portense
524 2229 678 2301 videntur,
712 2231 838 2306 nequis
861 2247 928 2287 cum
955 2227 1043 2287 foedo
1066 2227 1218 2287 hominum

88 2353 199 2411 genere
222 2334 332 2392 inscius
355 2335 561 2393 commercium
591 2331 723 2390 heberet.
758 2361 801 2372 --
833 2327 895 2391 dno
924 2329 1066 2390 scribitur
1093 2335 1220 2410 propter

89 2439 260 2514 proximum
285 2455 412 2495 versum.
468 2434 549 2496 Duos
576 2440 674 2493 eutem
699 2433 850 2493 carnifices
878 2434 944 2494 vult
971 2434 1094 2492 alternis
1122 2434 1218 2510 plagis

88 2540 242 2599 homiuem
270 2537 443 2611 verberer03
477 2559 544 2598 nem
573 2537 771 2596 verberabunt
799 2537 951 2596 carnifices
978 2536 1114 2595 homines
1140 2555 1218 2615 sepe

89 2661 187 2720 usque
206 2641 245 2700 ud
261 2647 402 2715 mortem,
426 2663 453 2700 v.
471 2641 547 2700 Plet.
567 2641 639 2715 Leg.
657 2639 701 2700 IX
718 2661 747 2718 p.
763 2641 875 2700 872B:
899 2640 945 2697 ee
962 2639 1057 2704 δοῦλος
1073 2640 1219 2715 ἐλεύθερον

90 2746 158 2802 ἑκὼν
181 2745 338 2820 ἀποκτείνῃ,
367 2745 382 2801 d
403 2745 449 2815 τῆς
471 2745 576 2810 πόλεως
598 2745 684 2809 κοινὸς
706 2744 799 2819 δήμιος
820 2744 1005 2820 μαστιγώσας,
1024 2741 1130 2808 ὁπόσας
1153 2741 1218 2799 tet

90 2849 159 2905 ἑλὼν
181 2849 343 2924 προστάττῃ,
367 2847 467 2922 ἐάνπερ
483 2846 531 2921 βιῷ
549 2847 695 2922 παιόμενος
718 2847 733 2904 u‘
751 2847 856 2920 φονεύς,
874 2846 1072 2904 θανατωσάτω.
1110 2843 1217 2921 Itaque

91 2950 208 3009 duobus
229 2942 387 3027 yreyt'btoe,
411 2951 430 3009 i.
451 2969 474 3007 e.
499 2947 636 3022 foecibus,
660 2951 812 3026 virgarum
834 2968 909 3027 opus
932 2953 987 3008 est.
1013 2977 1051 2990 -
1074 2948 1146 3007 336.
1177 2941 1219 3009 Ut

89 3049 192 3114 tutius
209 3054 309 3112 lenoni
325 3051 477 3127 suppetat,
501 3051 537 3110 ol.
556 3051 638 3110 Trin.
660 3053 715 3110 57:
742 3051 889 3128 „deosque
906 3069 969 3124 oro,
993 3055 1027 3109 ut
1045 3050 1128 3110 uites
1145 3053 1216 3110 tuse

89 3161 243 3233 superstes
265 3149 436 3233 suppetnt“.
467 3151 549 3214 Pers.
569 3155 639 3213 332.
673 3154 731 3214 Sed
749 3173 787 3212 ne
810 3175 827 3212 e
849 3173 1001 3214 sacrorum
1022 3153 1217 3214 similitudine

90 3259 226 3332 recedet,
249 3254 292 3318 ad
314 3251 490 3318 litationem
511 3255 610 3329 eddit3
633 3261 695 3315 tem
717 3256 768 3314 diu
787 3257 866 3315 enirn
885 3255 1084 3316 sacrificentes
1102 3257 1215 3316 hostius

90 3362 204 3422 ooedere
226 3367 364 3439 pergunt,
388 3360 458 3420 dum
480 3360 651 3418 litaverunt.
675 3388 717 3400 —
748 3361 819 3419 336.
848 3352 870 3418 Ι
890 3358 1009 3418 Gruter.
1033 3333 1116 3432 edd.;
1147 3379 1215 3436 spe·

90 3467 167 3524 tium
190 3467 254 3524 eius
276 3466 306 3522 in
329 3465 355 3522 A
378 3463 455 3522 vidit
477 3463 511 3522 R.
536 3463 572 3522 ct.
594 3463 665 3521 843.
690 3465 760 3522 850.
787 3463 878 3521 1186.
905 3464 996 3522 1297.
1033 3461 1124 3522 Poen.
1144 3463 1215 3521 369.

93 3569 185 3627 1307.
224 3567 481 3627 0661113898.
513 3595 550 3607 -
586 3559 677 3626 Istuc
697 3565 733 3624 R.
778 3557 922 3640 Iuppiter
944 3559 1103 3639 lenontne,
1136 3565 1215 3638 leno,

90 3673 142 3749 qui
164 3669 307 3748 luppiter
327 3671 413 3730 nobis
435 3670 626 3730 6136166-
650 3670 711 3728 337
735 3687 799 3745 sqq.
834 3667 902 3727 Duo
918 3687 1057 3726 versuum
1078 3669 1163 3744 peris
1184 3669 1216 3726 in

91 3773 175 3834 codd.
200 3765 303 3852 (etiem
326 3776 357 3832 in
377 3767 417 3850 A)
439 3778 609 3852 permutata
632 3791 695 3831 esse
717 3770 794 3832 vidit
816 3771 850 3830 R.
895 3769 942 3829 Ex
964 3771 1111 3829 communi
1134 3772 1216 3846 prin-

91 3879 169 3955 cipio
198 3896 284 3934 error
311 3876 489 3952 repetendus
520 3881 576 3935 est.
606 3905 643 3916 -
672 3875 815 3934 mortuno
836 3873 879 3946 A,
908 3895 936 3933 v.
960 3871 1055 3950 Gepp.
1078 3871 1163 3932 Stud.
1187 3873 1217 3932 11

90 4001 118 4060 p.
144 3981 195 4038 60.
224 4007 262 4020 -
286 3979 357 4037 339.
386 3977 447 4050 tna,
472 3975 642 4037 Calidorum
664 3978 834 4055 alloquitur,
858 3997 886 4035 v.
910 3975 946 4034 ed
970 3974 1054 4052 (lupt.
1078 3975 1150 4035 446.
1175 4005 1213 4016 -

95 4079 189 4154 „non“
216 4100 272 4139 om.
298 4080 332 4140 R.
355 4080 497 4138 suedents
520 4083 618 4157 sputio
640 4083 671 4138 in
693 4081 729 4138 A.
752 4109 794 4118 -
818 4079 888 4138 341.
916 4091 1028 4137 nerum
1049 4073 1149 4152 uerte,
1178 4079 1214 4137 of.

91 4185 200 4261 Amph.
225 4184 296 4241 848.
352 4182 478 4241 Lorsnn.
508 4188 537 4239 et
567 4181 700 4256 Langen.
723 4181 816 4240 Beitr.
846 4201 875 4258 p.
909 4181 969 4239 117
994 4175 1135 4256 „uerum“
1159 4199 1215 4260 pro

92 4289 299 4346 coniunctione
327 4286 516 4346 adversative
543 4287 676 4361 cupiunt,
711 4303 770 4360 que
795 4283 870 4344 nihil
892 4283 1029 4342 inutilius
1051 4287 1139 4342 esset.
1175 4311 1210 4326 -·

96 4385 177 4464 ,est“
193 4389 277 4448 ubest
297 4389 334 4446 eb
347 4388 384 4448 A.
398 4417 439 4429 -
458 4389 528 4447 343.
558 4379 666 4464 edepol
682 4384 836 4463 profem,
859 4386 894 4445 cf.
908 4387 998 4446 Most.
1012 4387 1084 4446 803.
1107 4387 1215 4464 Amph.

963 4501 1010 4554 16*
