2960 5000
803 477 893 532 Pluuli
1163 475 1214 542 IV,
1232 478 1256 543 ’1,
1274 477 1386 529 luo-luo

796 667 900 732 Simo

601 781 709 858 Atque
732 775 831 840 eliam
856 773 935 838 mihi
958 774 1043 840 eliae
1066 775 1183 858 uiginti
1206 775 1315 840 minue.

781 915 807 980 B
819 916 920 982 allio

288 1023 430 1090 Auferor
450 1029 487 1090 tu
504 1023 539 1088 id
557 1025 736 1107 proemium
755 1046 852 1104 eme,
875 1025 962 1108 quod
981 1027 1116 1109 promisi
1136 1025 1390 1108 periooumlluuu

798 1167 905 1233 Simo

290 1275 340 1340 De
363 1273 511 1360 inprobis
532 1275 615 1341 uiris
637 1273 760 1342 eulerri
782 1277 962 1360 praemium
985 1281 1019 1341 et
1040 1275 1198 1359 praedem
1221 1275 1316 1342 deuel.

775 1417 914 1484 Ballio

287 1525 412 1592 Saltem
434 1525 631 1592 Pseudolum
653 1525 731 1591 mihi
754 1527 864 1593 dedas.

792 1669 1078 1843 Slml'seudolum
1100 1795 1161 1858 ego
1185 1775 1301 1841 dedum
1319 1773 1390 1840 tibil

285 1881 373 1960 Quid
396 1883 558 1966 deliquit?
582 1885 702 1966 dixine,
725 1886 766 1952 ab
791 1907 829 1951 eo
851 1887 913 1952 tibi
935 1893 973 1951 ul
995 1906 1139 1966 cederes,
1164 1885 1328 1950 centiens?

778 2029 918 2094 Ballio

283 2109 434 2176 Perdidit
456 2132 517 2178 me.

790 2224 895 2290 Simo

553 2330 596 2395 At
618 2351 670 2396 me
694 2332 811 2414 uiginti
833 2332 970 2398 modieis
993 2331 1147 2398 multeuit
1168 2332 1272 2396 minis.

778 2474 913 2539 Ballio

286 2577 374 2656 Quid
396 2601 483 2646 nuno
504 2579 646 2647 faeiem?

763 2724 843 2789 Her
879 2746 926 2790 ox

542 2831 576 2897 Si
598 2831 678 2896 mihi
703 2748 872 2917 argentolii
898 2835 1037 2914 dederis,
1059 2840 1093 2899 te
1116 2833 1314 2918 suspendito.
1336 2845 1393 2898 1230

774 2975 914 3042 Ballio

284 3081 325 3146 Di
349 3087 382 3147 le
405 3081 562 3165 perdant!
609 3081 751 3167 Sequere
775 3086 820 3149 sis
844 3107 894 3150 me
918 3105 995 3168 ergo
1018 3085 1060 3150 ad
1082 3084 1189 3150 forum
1213 3093 1250 3150 ut
1273 3082 1392 3150 soluem.

762 3225 925 3312 Harpax

1272 3312 1388 3392 Sequor.
1449 3323 1450 3346 ³

794 3419 902 3487 Simo

284 3501 372 3580 Quid
395 3503 477 3586 ego?

775 3613 913 3680 Ballio

529 3718 724 3803 Peregrinos
747 3722 933 3802 obsoluom3
957 3743 1029 3788 oras
1052 3745 1148 3805 egam
1172 3743 1247 3789 oum
1269 3719 1387 3786 ciuibus.

285 3827 468 3893 Pseudolus
491 3827 571 3893 mihi
594 3831 780 3895 centuriata
802 3829 917 3896 habuit
940 3832 1057 3914 capitis
1080 3833 1222 3912 comitio,

284 3937 347 4014 Qui
370 3935 471 4001 illone
493 3936 536 4001 ed
559 3957 610 4001 me
633 3937 730 4004 hodie
754 3939 930 4022 adlegauit,
954 3937 1122 4004 mulierem
1142 3941 1199 4024 qui
1218 3939 1388 4005 obduceret.
1449 3953 1450 4008 1

287 4097 511 4106 -—--.-—.--

354 4183 540 4240 1224810m.
559 4184 594 4255 Β,
613 4185 715 4241 uuo
791 4191 856 4241 1225
875 4188 1025 4242 suferetur
1042 4189 1072 4242 u
1090 4189 1140 4243 oo
1225 4192 1289 4243 1226
1306 4189 1388 4256 impro-
1449 4151 1450 4156 ¹

282 4270 383 4325 brisO
469 4273 537 4326 1228
555 4271 680 4341 deliquid
749 4274 792 4327 uit
809 4273 835 4326 B
919 4273 1023 4328 hebere
1042 4275 1165 4328 sentiens
1256 4277 1316 4329 1231
1334 4284 1387 4338 ergo

282 4354 336 4409 hoo
355 4354 390 4409 ed
461 4359 527 4411 1232
546 4357 601 4410 BA.
622 4356 693 4424 Quid
712 4373 765 4426 ego
784 4361 951 4428 peregrinos
1024 4362 1090 4414 1234
1107 4361 1185 4414 illum
