2954 5002
81 468 103 532 1,
123 471 147 534 3,
166 470 274 524 83-93
568 467 730 524 Pseudolus.
1170 474 1209 532 29

80 657 154 722 Mea
176 657 256 736 fide,
281 659 308 723 si
331 659 388 723 isti
410 657 566 724 formidas
590 659 732 724 credere.
778 658 847 740 Ego
870 658 903 722 in
926 657 987 722 hoo
1010 658 1119 724 triduo

80 766 145 830 Aut
167 773 264 831 terra
287 774 344 832 aut
366 769 448 831 mari
471 771 528 830 aut
549 767 699 832 alicunde
722 768 874 834 euoluam
897 766 932 830 id
951 775 1122 850 argentum
1139 765 1208 832 libi.

488 901 491 908 ¹
580 909 713 976 Ballio

80 1013 154 1081 'libi
178 1037 244 1100 ego
268 1017 421 1082 credam?

535 1125 765 1192 Pseudolus

412 1233 477 1299 Cur
498 1235 586 1299 non?

580 1365 715 1430 Ballio

578 1473 662 1551 Quia
684 1475 748 1558 pol,
773 1495 838 1556 qua
861 1493 961 1557 opera
984 1472 1118 1538 orodam
1141 1471 1212 1548 tibi,

85 1581 158 1648 Una
181 1603 288 1666 opera
311 1583 450 1665 adligem
472 1582 645 1666 fugitiuam
669 1603 781 1647 canem
805 1583 932 1664 agninis
955 1581 1106 1647 lantibus.
1162 1599 1213 1650 320

541 1724 761 1790 Calidorus

84 1831 174 1898 Sicin
198 1831 361 1898 mihi'abs
384 1841 416 1898 to
440 1834 521 1900 bene
544 1835 682 1898 moronti
706 1834 788 1898 malo
812 1831 954 1898 refertur
975 1831 1104 1914 gratio?

588 1975 721 2040 Ballio

87 2080 172 2158 Quid
196 2085 382 2148 nunonis?

543 2191 760 2257 Calidorus

434 2299 478 2366 Ut
501 2303 672 2384 opperiare
696 2321 753 2364 sex
776 2299 845 2364 dios
869 2297 999 2381 aliquos
1023 2297 1127 2378 modo,

90 2406 136 2470 u'e
159 2407 253 2472 illam
275 2406 399 2473 nendos
422 2425 486 2472 neu
510 2429 559 2472 me
584 2408 704 2492 perdas
727 2407 891 2472 hominem
915 2413 1088 2482 amantem.

588 2549 722 2614 Ballio

914 2657 1028 2721 Animo
1052 2656 1137 2721 bono
1161 2677 1211 2734 es;

92 2762 151 2829 Uel
176 2787 233 2830 sex
256 2767 378 2832 mensis
401 2765 585 2850 opperibor.

543 2907 761 2973 Calidorus

630 3015 730 3097 Euge,
755 3015 850 3080 homo
874 3015 1095 3098 lepidissume.

589 3157 721 3224 Ballio
821 3221 824 3229 r

95 3261 193 3330 Immo
216 3267 274 3331 uin
297 3268 395 3332 etiarn
419 3274 452 3331 to
474 3265 593 3332 faciam
616 3288 655 3330 ex
678 3265 765 3331 laeto
788 3265 966 3332 laetantem
989 3267 1115 3350 magis?
1165 3283 1215 3336 325

545 3405 767 3474 Calidorus

99 3489 180 3566 Quid
199 3493 288 3558 iam?

586 3601 720 3667 Ballio

301 3707 385 3786 Quia
408 3711 494 3774 enim
516 3731 581 3776 non
604 3710 753 3775 uenalem
776 3711 843 3774 iam
865 3709 970 3776 habeo
994 3708 1213 3776 Phoenicium.

547 3849 767 3918 Calidorus

101 3951 314 4024 nonnanes?
397 3922 403 3933 ’

181 4163 363 4218 3131111011.
433 4165 483 4217 319
503 4181 600 4230 operas
670 4165 721 4217 320
739 4164 860 4218 lactibus
880 4163 906 4218 A
981 4165 1031 4218 322
1050 4163 1104 4216 BA.
1127 4178 1175 4217 om.
1198 4160 1220 4215 C

183 4247 240 4302 dies
259 4249 357 4302 saltem
375 4249 461 4304 modo
481 4247 533 4304 BC
625 4251 674 4304 323
693 4267 727 4304 ne
745 4249 846 4318 pardos
864 4267 908 4302 me
928 4249 950 4304 C
1029 4249 1103 4302 bono
1123 4249 1216 4302 animo

106 4331 170 4386 110
232 4332 403 4389 335111111Β
471 4335 522 4388 336
540 4335 595 4388 iam
613 4351 663 4388 om.
684 4333 837 4402 C‚..rnB
