2982 5020
308 459 369 522 324
794 453 941 508 Poenulus,

306 671 334 710 v.
358 649 476 708 adolii.
501 650 561 708 872
584 669 628 726 sq.
674 649 759 709 ovid.
790 647 861 708 Met.
885 648 964 721 VIII,
997 651 1066 709 189.
1112 649 1194 708 Fest.
1217 649 1265 720 w,
1290 649 1364 706 727.
1387 677 1423 686 —

308 751 630 828 conpromiserunt
651 753 686 812 s.
710 782 750 793 -
775 754 845 811 594.
869 745 968 828 Erpo,
991 771 1019 812 v.
1042 751 1081 810 su
1102 752 1211 829 Amph.
1238 753 1304 810 ruo,
1354 751 1424 809 sno

305 857 431 913 stituere
454 857 548 930 possis
574 855 727 932 „sequitur
754 851 817 928 ut“,
849 853 883 912 of.
913 853 1002 914 Most.
1029 855 1098 913 170.
1127 885 1170 894 -
1199 855 1269 912 596.
1301 849 1425 912 Aurum

305 957 355 1015 est
375 962 445 1018 cett.
468 975 563 1035 usque
585 957 621 1016 cd
645 950 909 1017 adsimulabimsso
930 957 954 1014 B
977 962 1056 1016 recte
1080 957 1232 1017 advocatie
1260 955 1326 1027 dut3
1362 955 1425 1011 edd.

304 1060 409 1138 priore
430 1059 525 1132 vilico,
554 1065 688 1119 extreme
711 1059 748 1117 sb
772 1055 823 1120 lio
845 1059 1004 1120 advocetis.
1028 1091 1068 1102 -
1094 1061 1165 1119 597.
1192 1054 1250 1118 hoc
1271 1078 1306 1115 ex
1330 1060 1357 1115 A
1382 1078 1425 1114 no
1477 1091 1480 1136 ·3

305 1163 402 1222 cessit.
415 1192 458 1204 —
474 1159 634 1235 comitum,
658 1182 715 1222 non
734 1183 845 1236 verum,
868 1163 921 1222 sed
937 1164 1117 1237 simulatum,
1140 1181 1199 1240 quo
1218 1163 1249 1219 in
1267 1160 1426 1220 comoediis

304 1266 473 1324 utebantur.
540 1265 666 1343 Lupini!
694 1265 732 1324 sd
759 1265 834 1326 huno
867 1285 929 1324 rem
963 1271 993 1323 et
1025 1266 1111 1344 pueri
1145 1265 1281 1324 ludentes
1315 1269 1348 1322 et
1382 1281 1425 1320 oc-

305 1367 403 1426 moedi
429 1370 459 1426 in
487 1387 576 1427 scene
597 1367 767 1441 utebantur,
791 1389 819 1428 v.
837 1369 944 1428 Horat.
958 1367 1015 1446 Ep.
1027 1367 1050 1441 1,
1070 1371 1097 1440 ⁷,
1116 1369 1173 1426 23:
1201 1367 1292 1444 „quid
1313 1365 1424 1424 distent

305 1483 375 1528 uero
397 1465 539 1547 lupinis“,
562 1471 643 1548 quod
665 1472 845 1548 leguminum
866 1490 960 1550 genus
982 1471 1145 1531 Columella
1166 1469 1210 1541 11,
1236 1471 1273 1527 10
1295 1449 1363 1526 init.
1387 1468 1424 1523 eit

307 1573 415 1646 „bores
438 1593 492 1651 per
507 1573 633 1632 hiemem
651 1579 766 1634 coctum
785 1581 1022 1650 maceratumque
1040 1572 1134 1650 probe
1153 1567 1265 1630 elere“.
1298 1568 1333 1627 ἐπ
1360 1563 1424 1626 bur·

305 1671 394 1735 baria
421 1682 467 1736 est
493 1678 523 1736 ln
547 1673 650 1746 liniis,
678 1697 705 1736 v.
729 1676 766 1735 sd
788 1677 871 1736 Asin.
898 1678 945 1762 ¹¹:
974 1705 1016 1716 —
1051 1677 1121 1734 598.
1158 1667 1365 1748 Ρὴέἱὶρρτιηις
1391 1672 1422 1729 ci.

304 1780 376 1838 413.
405 1809 448 1818 -
477 1780 548 1838 600.
582 1773 744 1840 uobiscum
765 1773 924 1851 ονααενίε,
957 1799 984 1836 v.
1010 1777 1047 1836 ed
1070 1778 1151 1836 Asin.
1176 1778 1248 1834 655.
1278 1805 1317 1815 -
1354 1775 1422 1832 602.

296 1896 508 1958 permanere,
532 1905 559 1942 v.
572 1883 610 1942 sd
626 1881 716 1942 Most.
732 1883 781 1942 21.
803 1913 847 1922 -
868 1875 922 1942 Eu
944 1875 1058 1956 edepol,
1083 1880 1119 1938 cl.
1133 1881 1204 1938 281.
1250 1879 1304 1937 His
1327 1877 1422 1935 vertis

201 1985 206 1998 '
303 1983 328 2042 B
349 1991 430 2044 recte
453 1983 611 2044 OollebIsci
633 1991 732 2044 notem
759 1993 782 2042 Θ
803 1985 966 2064 preponit3
988 1983 1054 2042 edd.
1081 1983 1264 2061 Milphiouis.
1287 2011 1328 2020 -
1354 1981 1422 2039 603.

306 2080 386 2161 Quis
410 2087 439 2146 te
454 2080 579 2162 porro?
606 2075 731 2166 Milphio
753 2089 817 2146 inre
839 2089 896 2146 sibi
918 2087 973 2145 hoc
995 2087 1136 2146 vindicet.
1157 2115 1195 2125 -
1222 2079 1314 2151 abite,
1340 2078 1421 2158 Apo-

303 2183 465 2262 rastocleo,
488 2210 515 2248 v.
540 2189 578 2247 nd
601 2189 665 2248 Mil.
693 2191 762 2247 597.
786 2220 828 2229 -
851 2191 921 2248 605.
945 2183 1009 2247 Hic
1030 2183 1129 2263 tomo,
1154 2187 1341 2264 Agorastocli
1363 2187 1422 2242 haec

303 2293 413 2352 tribuit
441 2292 480 2364 B,
515 2292 582 2350 edd.
606 2291 780 2370 Minnioni,
815 2291 902 2368 Seyff.
926 2290 1010 2350 Stud.
1040 2313 1070 2370 p.
1095 2293 1112 2350 3
1136 2291 1298 2349 advocetis.
1354 2287 1422 2345 Mox
1478 2314 1479 2329 u

305 2387 413 2454 Facite
433 2395 642 2472 Agorastocles
671 2395 823 2454 advocetis
852 2393 940 2468 dicit,
978 2387 1136 2454 Abeamus
1166 2393 1339 2472 Milphioni3
1374 2388 1422 2448 sed
1479 2471 1480 2480 ἵ

304 2504 339 2555 ut
361 2497 460 2572 obest,
490 2517 566 2574 egre
589 2498 645 2555 sibi
667 2484 843 2573 persuadet,
867 2502 897 2555 et
925 2497 1085 2555 advocatos
1106 2498 1217 2555 iterum
1238 2513 1361 2554 monere
1383 2496 1422 2550 in·

304 2601 386 2678 cipit.
431 2599 470 2659 Hi
492 2600 683 2677 incipientem
705 2603 940 2677 interrumpunt3
970 2621 1036 2660 num
1061 2621 1078 2660 e
1101 2593 1202 2674 Satio,
1233 2619 1291 2657 non
1314 2597 1352 2656 ub
1376 2589 1424 2654 subs¹

304 2703 426 2762 ulterius
454 2719 590 2780 personse
617 2701 709 2761 verbs
735 2701 879 2761 ordiendo
906 2708 989 2776 sunt,
1025 2723 1078 2762 neo
1107 2703 1224 2776 vilicus,
1260 2705 1294 2760 ut
1320 2700 1424 2758 uolunt

305 2805 382 2879 edd„
412 2803 463 2863 sed
486 2805 516 2876 ii,
539 2824 614 2881 quos
636 2804 806 2864 adolescens
830 2804 975 2864 allocutus
998 2811 1050 2877 eet,
1075 2801 1264 2882 respondent.
1289 2833 1331 2842 —-
1354 2803 1423 2860 607.

307 2901 436 2982 Quaeso
461 2901 490 2966 d.
513 2900 545 2981 ιζ,
568 2901 643 2983 quin
667 2901 763 2966 abis?
789 2907 940 2984 lungende
967 2927 1031 2968 esse
1054 2908 1130 2966 vidit
1151 2907 1232 2967 Brix.
1256 2909 1330 2965 Anu.
1353 2904 1421 2980 phil.

304 3009 342 3068 01
363 3029 393 3088 p.
418 3013 488 3068 776.
533 3009 671 3068 Persouae
693 3015 765 3068 note
787 3013 816 3068 iu
840 3011 925 3071 codd.
948 3011 1027 3070 mele
1050 3015 1119 3068 oute
1142 3004 1220 3086 quin
1240 3013 1342 3086 posite
1366 3013 1422 3074 est;

303 3111 356 3170 sed
379 3117 458 3170 reete
482 3111 509 3170 H
531 3113 669 3189 ponitur,
699 3132 767 3170 nem
796 3113 1021 3188 advocatorum,
1052 3134 1110 3173 nou
1139 3113 1219 3172 vilici
1242 3113 1305 3169 haec
1325 3111 1422 3169 oratio

305 3219 360 3274 eet.
405 3215 514 3273 Iisdem
536 3215 625 3272 etiem
647 3233 748 3273 vocem
766 3207 859 3292 Supte
875 3215 977 3275 tribui.
996 3245 1037 3256 -
1061 3217 1131 3275 608.
1156 3209 1194 3274 St
1215 3213 1312 3288 Oem.;
1333 3213 1423 3270 inter

304 3317 391 3376 iectio
416 3321 500 3376 extre
522 3335 669 3390 numeros,
699 3337 726 3376 v.
751 3318 788 3376 sd
811 3318 901 3383 Most.
924 3321 974 3378 37.
1005 3349 1047 3358 -
1078 3311 1178 3377 Fores
1199 3312 1272 3390 kae,
1300 3317 1422 3383 lenonie,

304 3413 464 3496 finqiiituu
484 3413 636 3494 feceruut,
657 3427 849 3496 crepueruut3
872 3421 990 3481 scurrili
1012 3424 1078 3481 ioco
1097 3441 1162 3480 cum
1180 3421 1293 3479 ventris
1309 3421 1422 3494 crepitu

305 3523 413 3582 lorium
442 3522 588 3600 crepitum
618 3527 782 3600 comperet.
816 3555 858 3563 -
891 3525 962 3584 609.
996 3520 1033 3584 id
1061 3523 1129 3582 edd.
1158 3522 1244 3582 Aoid.
1278 3553 1321 3561 —
1353 3523 1422 3579 611.

304 3639 448 3701 scurrae,
472 3647 499 3684 v.
529 3623 566 3683 sd
595 3623 775 3684 Ourc.'296.
830 3627 907 3686 Mire
936 3628 990 3686 hos
1015 3627 1117 3686 Lemb.
1141 3632 1171 3684 et
1193 3624 1352 3684 Lindenbr.
1378 3643 1421 3683 su·
1481 3633 1482 3716 p

305 3729 414 3806 perbos
447 3725 591 3804 quondum
625 3726 680 3786 sibi
715 3727 889 3804 informent,
924 3732 975 3806 qni
1003 3731 1061 3806 ipsi
1090 3727 1265 3787 antecedent
1292 3733 1323 3785 et
1350 3727 1421 3784 elios

305 3833 389 3908 sequi
412 3850 443 3888 se
466 3830 602 3903 iubesnt3
624 3829 714 3888 immo
735 3832 865 3909 turpiter
888 3831 1001 3890 nduleri
1026 3833 1131 3904 solent,
1155 3837 1186 3888 et
1206 3831 1236 3888 h.
1254 3831 1275 3888 l.
1294 3831 1421 3907 turpiter

305 3939 336 3992 ct
358 3931 502 3992 obscoene
523 3934 648 3991 ineatur.
671 3961 714 3971 -
736 3934 807 3992 612.
832 3927 955 4006 Bomio,
979 3935 1075 4011 qualis
1098 3935 1163 3992 leno
1185 3953 1248 3991 esse
1272 3933 1368 4003 debet,
1391 3937 1421 3989 ut

308 4031 457 4115 „probus“
481 4055 509 4094 v.
534 4035 605 4108 679,
629 4035 666 4094 el.
685 4037 822 4095 -‘613.
845 4030 917 4096 Iam
937 4051 1022 4096 nunc
1040 4084 1045 4094 .
1060 4083 1066 4096 .
1081 4081 1087 4094 .
1102 4030 1223 4112 proed,
1249 4039 1336 4094 etiem
1355 4043 1421 4093 onte

306 4159 395 4216 quem
423 4157 522 4197 corum
550 4157 615 4197 oum
647 4159 682 4198 eo
704 4139 865 4216 colloquor.
923 4140 994 4200 Post
1020 4133 1071 4199 illi
1094 4141 1206 4212 histum
1240 4138 1334 4216 chp.
1357 4159 1419 4196 cum

306 4241 428 4300 Gnieto:
455 4242 517 4315 „illi
538 4235 622 4318 ego“.
