2960 5000
264 449 322 512 158
773 457 866 512 Plauti
1134 440 1190 510 ΠΙ,
1207 444 1231 508 9,
1248 443 1355 508 95-4,e

720 631 916 696 Aduoeatt

260 741 344 820 Quid
368 742 395 805 si
418 759 590 804 euocemus
612 739 676 803 huc
698 739 785 804 foras
809 739 1065 820 Agorastoclem,

204 865 214 892 ⁹
261 850 305 915 Ut
326 851 417 932 ipsus
441 849 535 913 testis
558 847 601 911 sit
624 846 686 911 sibi
710 849 944 913 certissumus?

261 957 349 1021 Heus
372 963 418 1036 tu,
442 956 498 1038 qni
521 953 625 1019 lurein
649 961 773 1038 captas,
796 955 949 1038 egredere
973 956 1074 1034 ocius,

259 1063 303 1128 Ut
326 1071 397 1128 tute
419 1065 582 1147 inspectes
606 1083 722 1128 aurum
746 1064 854 1128 lenoni
877 1065 958 1129 dari.

410 1435 739 1504 AGORASTOGLES
764 1437 1051 1504 ADULESCENS.
1097 1438 1228 1504 IIDEM.
1309 1437 1355 1502 DU

675 1643 965 1725 Agorastocles

261 1753 346 1831 Quid
370 1753 438 1817 est?
462 1751 544 1836 quid
568 1751 678 1828 uoltis,
702 1751 828 1816 testes?

716 1905 917 1970 Adnocati

873 2014 991 2096 Specta
1013 2015 1055 2078 ad
1078 2013 1255 2092 dexteram,
1319 2030 1361 2080 710

260 2121 347 2187 Tuus
371 2143 482 2187 seruos
505 2141 621 2186 aurum
645 2122 707 2204 ipsi
731 2121 839 2184 lenoni
863 2121 964 2186 dabit.

691 2273 951 2340 Collabisons

261 2389 336 2465 Age,
360 2385 471 2466 accipe
495 2382 558 2447 hoc
581 2384 640 2462 sis;
664 2383 717 2448 hic
739 2389 814 2448 sunt
838 2385 998 2448 numerati
1023 2387 1114 2450 aurei

259 2493 409 2557 Trecenti
431 2493 564 2568 nummi,
590 2493 645 2574 qni
669 2501 830 2556 necantur
853 2491 1023 2576 Philippei,

130 2681 141 2694 .
258 2601 342 2666 Hinc
364 2621 414 2664 me
437 2620 592 2682 procura3
616 2621 755 2684 propere
778 2601 877 2666 hosce
901 2601 1029 2665 absumi
1051 2600 1137 2667 uolo.

753 2755 779 2819 L
815 2775 884 2818 cus

257 2861 383 2946 Edepol
404 2861 510 2926 fecisti
532 2862 704 2944 prodigum
728 2777 876 2945 prolnum
898 2862 969 2926 tibi.

258 2971 334 3051 Age,
358 2990 470 3034 eamus
493 2971 590 3034 intro.

687 3087 949 3154 Collabisous

635 3195 680 3260 Te
704 3219 833 3280 sequor.

751 3352 879 3434 Lycus

868 3461 946 3542 Age,
971 3481 1041 3542 age,
1066 3459 1208 3525 ambula.

256 3567 305 3631 Ibi
329 3587 413 3649 quae
436 3573 513 3630 sunt
533 3567 661 3652 reliqua
682 3569 749 3631 alia
771 3567 1000 3632 fabulabimnr.

323 3803 424 3858 70611.
444 3819 493 3858 oon
564 3805 759 3872 agorastoclen
776 3803 805 3858 B
873 3803 1033 3874 Sequuntur
1049 3808 1081 3860 io
1098 3805 1137 3858 A:

425 3887 497 3955 Quin
516 3905 632 3957 sequere
651 3906 695 3942 me
713 3891 794 3944 intro.
832 3890 894 3944 Duo
911 3907 957 3945 ms
976 3909 1044 3957 ergo
1062 3891 1145 3945 intro.

426 3973 456 4028 Si
474 3974 574 4027 exierit
591 3975 664 4040 leno,
684 3976 751 4043 qnid
770 3981 828 4028 turn
847 3975 989 4029 hominem
1005 3975 1198 4044 interrogem?

254 4063 305 4115 rot
322 4061 382 4130 ipse
399 4058 451 4114 Rc
510 4060 578 4113 certi
599 4059 736 4114 anmnsO
795 4061 923 4129 tesquis
942 4068 973 4114 tu
992 4079 1051 4115 rem
1069 4061 1097 4116 B
1157 4061 1208 4114 709
1226 4059 1289 4113 dare

255 4147 322 4202 Item
338 4145 368 4200 B
391 4146 470 4200 addit
492 4145 694 4214 agorastocles,
721 4161 783 4201 mcc
807 4147 1110 4202 meritasmeritas
1135 4132 1353 4200 Anvnnscnlt

255 4232 349 4286 IDEM
385 4229 435 4284 DV
503 4233 552 4284 711
574 4231 660 4285 dabat
720 4234 770 4285 712
789 4234 826 4284 sis
846 4233 919 4286 reio
981 4235 1031 4287 713
1050 4231 1205 4287 nummos}
1257 4219 1354 4300 philippi

254 4317 304 4370 714
321 4333 441 4386 propera
460 4315 483 4370 0
560 4317 611 4370 717
628 4315 725 4385 lbiqne
742 4317 851 4386 reliqua
