2978 5004
133 471 175 540 V,
194 475 222 540 2,
237 475 344 526 'tl-77
631 473 778 526 Mercator.
1193 475 1254 534 207

609 659 808 726 Charinus

140 771 299 854 Optume
322 769 465 845 aduenis
493 791 610 853 puere3
638 789 720 852 cape
743 768 953 852 chlamydem,
983 775 1082 850 atque
1104 767 1179 831 istie
1203 772 1255 830 sia

973 877 1058 952 iliae,
1205 891 1256 943 900

142 988 207 1065 Ut,
242 991 271 1051 si
301 987 383 1050 haee
412 1008 477 1050 non
502 987 568 1051 sint
590 1005 684 1060 uera,
713 985 877 1068 inceptum
900 983 962 1048 hoo
984 986 1080 1048 itiner
1103 981 1257 1068 perficere

973 1113 1144 1176 exsequar.

604 1247 812 1332 Eutychus

140 1358 227 1422 Non
253 1357 335 1421 mihi
357 1355 486 1421 credis?

610 1507 812 1575 Charinus

513 1615 630 1682 Omnia
653 1618 803 1701 equidem
826 1617 933 1692 eredo,
957 1639 1041 1701 quae
1065 1617 1145 1681 dieis
1167 1615 1255 1680 mihi.

142 1730 218 1794 Sed
246 1729 327 1812 quin
350 1730 437 1791 intro
460 1726 553 1790 ducis
577 1747 627 1790 me
652 1727 798 1806 adeam,
822 1735 857 1790 ut
879 1727 1042 1803 uideam?

607 1903 817 1986 Eutychus

962 2012 1131 2094 Paulisper
1154 2033 1256 2076 mane.

610 2164 812 2230 Charinus

139 2275 243 2352 Quid
269 2273 430 2338 manebo?

605 2429 818 2513 Eutychus

467 2537 607 2620 Tempus
629 2560 694 2602 nou
717 2545 770 2602 est
792 2529 879 2602 intro
902 2539 1008 2602 eundi.

611 2711 811 2778 Charinus

607 2977 818 3060 Eutychus

144 3088 232 3152 Non
260 3107 341 3167 opus
363 3091 423 3164 est,
445 3087 589 3167 inquam,
614 3107 698 3149 nuuc
720 3087 805 3150 intro
828 3092 860 3150 te
883 3087 940 3150 ire.

612 3236 813 3303 Charinus

910 3350 1078 3432 Responde
1105 3351 1191 3425 mihi,
1208 3368 1259 3419 905

150 3458 236 3534 Qua
262 3455 385 3518 eausa?

610 3610 815 3693 Eutychus

370 3717 497 3799 Operae
520 3739 583 3782 nou
607 3724 667 3782 est.

585 3880 588 3886 '
616 3870 815 3938 Charinus

670 3979 757 4045 Cur?

235 4217 289 4268 900
307 4215 453 4271 adueniens
574 4223 656 4286 atque
674 4219 742 4272 haec
761 4221 843 4274 istinc
863 4225 905 4274 sat
1017 4223 1065 4274 901
1085 4221 1193 4274 itimere

155 4305 216 4358 902
236 4301 305 4368 quia
322 4301 405 4356 udicis
491 4305 544 4356 tibi
562 4303 590 4358 Β
662 4305 714 4357 903
732 4305 785 4357 Sed
804 4325 866 4358 cum
885 4307 960 4358 intro
979 4306 1006 4358 B
1088 4309 1138 4360 905
1156 4325 1201 4359 res

156 4386 265 4460 ponde
