2940 5008
300 487 361 546 354
782 479 928 533 Mercator.

297 677 327 736 el
342 671 472 752 placida
494 675 581 734 Both.
607 706 643 714 -
672 668 755 734 Cede
777 673 873 748 Gom.;
897 693 996 732 vocem
1020 673 1133 732 Nonius
1155 695 1184 752 p.
1209 677 1248 734 84
1272 695 1305 732 ex
1326 675 1382 732 aliis

297 779 494 858 scriptoribus
516 779 617 851 aliem
646 778 766 851 Phocus,
790 777 905 838 Probus
928 779 1037 854 aliique
1059 797 1094 834 ex
1117 777 1234 836 Plauto.
1258 807 1297 818 -
1319 779 1381 835 954.

298 882 368 940 Post
390 875 446 940 libi
467 881 574 957 hiatus,
600 881 636 939 cs.
661 883 737 956 283;
766 881 799 940 R.
828 876 922 954 „iem“
955 879 1048 938 addit.
1072 909 1113 920 -
1136 882 1208 939 956.
1232 874 1302 939 LY.
1324 880 1381 937 edd.

298 1014 339 1024 —
373 987 444 1044 957.
468 980 500 1044 ei
527 984 594 1042 add.
619 983 697 1043 Cam.
721 1013 763 1024 -
787 985 857 1043 958.
882 983 915 1042 R.
940 985 1003 1042 ed.:
1035 983 1165 1058 „Suepte
1194 983 1280 1061 culpa
1308 982 1383 1040 dam·

298 1109 366 1146 num
390 1089 519 1165 capiunt,
550 1105 642 1162 genus
664 1089 783 1166 ingenio
806 1105 895 1164 quom
923 1081 1114 1164 inprobant“‚
1144 1105 1269 1162 quorum
1296 1091 1383 1162 poste

298 1193 378 1250 riora
401 1192 516 1268 recepi3
544 1193 574 1248 in
597 1191 747 1268 prioribus
770 1189 848 1266 quod
871 1209 934 1247 voc.
957 1203 1070 1264 genere
1097 1208 1197 1247 errore
1221 1209 1257 1245 ex
1279 1193 1383 1245 antece·

298 1294 378 1352 denti
405 1313 494 1353 versu
523 1293 678 1369 irrepsisse
700 1295 830 1372 putavit,
861 1279 1075 1366 erravit‚'nam
1103 1293 1134 1349 in
1156 1309 1191 1348 eo
1214 1293 1307 1350 totius
1328 1309 1383 1348 scn-

297 1398 400 1454 tentise
423 1397 468 1453 vis
490 1398 588 1472 posite
610 1401 665 1456 est.
711 1397 815 1456 Veram
838 1396 1015 1454 sententiam
1038 1399 1068 1452 et
1096 1393 1147 1450 alii
1169 1393 1342 1452 invenerimt
1360 1398 1386 1449 et

300 1499 419 1558 Celsius
442 1497 520 1577 apud
544 1499 684 1558 Tauhm.:
714 1500 846 1577 „Snapte
869 1499 956 1575 culpa
979 1497 1138 1574 degeneres
1160 1497 1280 1568 abeunt,
1303 1514 1385 1573 genus

298 1604 419 1676 ingenio
442 1602 648 1679 improbaut“;
676 1603 728 1660 sed
749 1623 818 1662 num
844 1595 1008 1676 „degener“
1035 1600 1093 1657 dici
1115 1601 1211 1677 possit
1233 1601 1283 1676 qui
1303 1617 1385 1673 genus

300 1707 429 1777 emittat,
458 1704 628 1778 subdubito,
659 1705 751 1764 malui
774 1707 881 1780 igitur:
915 1717 1028 1780 periere
1049 1698 1162 1762 cedunt
1189 1707 1242 1760 aut
1266 1701 1339 1778 „Sua
1358 1719 1384 1758 se

299 1807 386 1885 culpa
415 1825 522 1882 genere
550 1804 730 1884 excipiunt“.
765 1837 807 1848 -
841 1809 912 1866 959.
936 1821 1018 1882 erqo,
1048 1805 1084 1864 ef.
1109 1805 1147 1863 ad
1169 1804 1258 1881 Epid.
1281 1805 1338 1862 476
1359 1809 1385 1859 et

299 1911 335 1968 de
357 1911 499 1988 prosodia
521 1910 639 1987 Proleg.
658 1933 687 1989 p.
703 1912 772 1968 204.
799 1939 835 1950 ·-
861 1904 921 1984 Ee,
946 1912 1015 1985 quia
1036 1909 1097 1966 seni
1121 1907 1240 1966 dicitur.
1261 1935 1298 1948 ·-
1322 1907 1383 1963 961.

299 2009 420 2086 eripere
442 2013 724 2090 aspernamento
747 2013 837 2072 Weis.
852 2041 889 2053 -
911 2015 982 2070 965.
1005 2010 1125 2069 Excidit
1146 2011 1275 2086 aliquid3
1298 2007 1382 2068 Guiet.

302 2114 425 2190 „Perge‚
447 2112 574 2191 perge“;
603 2115 654 2174 R:
682 2131 777 2192 perpe
792 2129 902 2190 porte.
926 2145 968 2155 —
991 2109 1181 2173 altrinsecus
1204 2113 1251 2172 sd.
1273 2134 1327 2191 pr.,
1353 2110 1382 2167 cf.

300 2215 406 2276 Pseud.
438 2219 508 2275 357.
543 2247 586 2258 -
619 2221 680 2276 967
709 2218 788 2278 (lam.
818 2223 850 2276 et
878 2218 913 2277 R.
958 2217 1134 2294 Lysimacho
1168 2216 1318 2274 dederuut.
1349 2241 1383 2251 -

302 2322 374 2378 968.
398 2316 434 2380 ie
457 2315 606 2380 exsilium
634 2337 704 2380 erem
725 2316 787 2380 iret
814 2321 898 2378 codd.
923 2339 988 2379 eum
1010 2319 1093 2378 hiatu
1122 2321 1154 2376 in
1175 2318 1308 2391 diaerasi;
1339 2315 1383 2376 sed

299 2426 450 2500 scriptura
480 2426 530 2482 vix
560 2445 640 2497 sana,
675 2445 743 2483 nam
772 2423 1000 2502 exspectabatur
1027 2428 1079 2482 aut
1102 2442 1212 2498 „quom
1239 2417 1318 2480 ibat“
1340 2424 1384 2476 aut

303 2547 358 2599 „ne
381 2526 451 2585 hinc
473 2523 549 2586 iret“
582 2531 634 2586 aut
659 2531 708 2600 „in
732 2528 867 2585 exsilium
890 2521 1057 2585 ruentem“.
1080 2554 1123 2564 —
1146 2526 1217 2584 969.
1241 2519 1337 2598 larua,
1360 2541 1383 2580 r.

298 2629 337 2687 ad
359 2629 467 2706 Amph.
493 2631 562 2688 770.
586 2657 628 2670 -·-
652 2632 723 2689 979.
747 2625 874 2690 ᾶεοώαἰ
895 2629 974 2688 Cam.
997 2657 1040 2669 —
1063 2631 1121 2686 971
1146 2648 1190 2704 sq.
1214 2629 1278 2686 sine
1305 2625 1384 2684 dubio

298 2735 393 2809 spurii
427 2737 512 2804 sunt;
546 2733 655 2809 prioris
689 2734 784 2792 alters
816 2752 888 2810 pars
915 2735 1044 2810 repetita
1072 2735 1118 2790 est
1147 2751 1183 2788 ex
1212 2733 1287 2803 969;
1319 2729 1385 2786 alter

299 2855 404 2895 versus
428 2835 503 2894 nihil
527 2835 608 2894 eliud
631 2836 703 2894 dicit
725 2855 813 2912 quam
837 2837 908 2894 970.
953 2835 987 2894 R.
1010 2839 1107 2893 totum
1129 2834 1227 2892 locum
1250 2831 1382 2892 971-79

299 2957 357 2996 non
377 2944 438 2995 tam
457 2938 686 3015 interpolatione
709 2957 797 3015 quem
819 2943 934 2997 mutato
956 2957 1095 2996 versuum
1118 2937 1223 2994 ordine
1245 2936 1382 2995 turbatum

300 3041 464 3098 arbitratus
486 3041 676 3101 licentissime
699 3045 849 3100 tractavit.
875 3071 914 3084 -
938 3041 1009 3098 973.
1034 3037 1163 3099 aetutem
1186 3039 1232 3098 ed.
1245 3060 1290 3118 pr.
1321 3051 1383 3096 cou-

298 3139 384 3202 decet
399 3144 517 3203 Lachm.
531 3144 571 3202 ad·
587 3143 674 3202 Lucr.
688 3164 717 3221 p.
732 3145 780 3201 64.
798 3173 833 3183 -
849 3145 921 3203 974.
938 3139 970 3200 si
987 3138 1071 3202 istuc
1089 3137 1143 3202 ius
1163 3141 1208 3201 est
1225 3147 1288 3216 cet,
1308 3161 1331 3198 r.
1351 3138 1382 3197 ad

298 3245 400 3304 Aulnl.
425 3248 496 3304 740.
528 3275 569 3286 -
604 3249 665 3305 976
699 3247 831 3324 spurium
862 3267 926 3305 esre
959 3265 1069 3319 omnes,
1104 3245 1201 3318 eredo,
1236 3243 1382 3303 Ritschelio

299 3347 472 3407 concedent.
506 3379 549 3388 —
582 3351 652 3408 977.
682 3343 788 3410 habete
811 3341 909 3408 ⁴uobis
937 3349 1033 3422 Acie,
1070 3347 1240 3422 „uobiscum
1268 3339 1379 3405 habete“

300 3450 382 3510 Serv.
406 3453 437 3509 in
459 3451 547 3529 Verg.
572 3451 679 3526 Georg.
704 3453 726 3524 I,
753 3453 823 3510 966.
858 3449 981 3525 Habete,
1004 3453 1113 3526 inquit,
1138 3471 1203 3510 eam
1226 3451 1383 3510 vobiscum

299 3553 436 3612 omnihus
463 3554 554 3612 rebus
582 3556 653 3628 suis,
682 3553 734 3613 sed
763 3555 848 3631 qussi
876 3554 913 3613 de
941 3573 993 3613 sue
1022 3553 1170 3614 tradenda
1191 3573 1287 3612 sermo
1308 3555 1382 3620 esset,

300 3653 507 3732 temporale,
531 3659 582 3730 ait,
606 3663 637 3716 et
655 3671 725 3715 cum
745 3649 868 3731 fiscina,
891 3659 910 3716 i.
924 3677 948 3715 e.
968 3677 1032 3716 cum
1056 3656 1154 3732 corbe,
1176 3677 1236 3733 qua
1257 3653 1383 3734 pabulum

301 3760 486 3836 adportatur.
540 3759 587 3819 Ex
618 3761 781 3838 proverbio
816 3761 915 3837 aliquo
948 3760 1011 3822 haeo
1044 3759 1134 3818 dueta
1166 3779 1231 3818 esse
1263 3759 1382 3837 apparet

299 3862 385 3922 nobis
409 3863 538 3941 quidem,
567 3864 625 3922 nisi
647 3863 742 3938 fallor,
772 3864 882 3941 ignoto.
928 3861 1096 3922 Schneider.
1120 3863 1156 3920 de
1178 3862 1339 3940 proverbiis
1358 3877 1381 3935 p.

301 3969 317 4024 5
342 3964 478 4025 Graecum
506 3967 632 4026 contulit
659 3965 730 4041 αὐτῷ
751 3967 822 4040 sordi
844 3969 977 4043 κατέφαγε
999 3967 1096 4040 πάντα,
1124 3964 1249 4042 Diogen.
1267 3963 1314 4038 lv,
1341 3962 1380 4030 68,

300 4075 331 4127 et
353 4067 482 4128 Acidalii
506 4071 705 4129 coniecturam
728 4069 853 4145 probat:
879 4089 964 4144 „cum
987 4069 1097 4145 sportis
1119 4087 1185 4127 cum
1207 4061 1333 4128 fisema“.
1348 4091 1382 4103 ό

301 4172 362 4229 978
386 4169 422 4228 R.
445 4175 581 4249 proximo
604 4173 785 4250 postposuit,
809 4191 867 4248 quo
890 4171 965 4230 nihil
987 4173 1145 4230 lucramur.
1191 4171 1275 4230 Miill.
1292 4192 1320 4248 p.
1333 4167 1381 4226 743

298 4278 380 4330 reete
403 4274 623 4348 animadvertit,
647 4274 738 4333 verba
759 4275 833 4347 „sibi
850 4270 976 4334 hebeat“
997 4273 1134 4351 Eutycho
1157 4293 1216 4334 non
1232 4273 1382 4334 convenire.

298 4375 376 4433 Hinc
398 4377 491 4451 igitur
512 4375 705 4456 Demiphonis
728 4377 818 4437 verba
840 4377 1009 4456 incipienda
1030 4383 1106 4437 sunt.
1140 4377 1276 4437 Alterum
1301 4369 1380 4452 „sibl
