2982 5020
521 472 522 478 ’
562 477 593 531 v.
613 481 756 534 ror-ree.
1010 429 1016 464 '⁵
1184 488 1244 548 329

81 686 176 731 sese
209 669 389 752 adotricpet
409 673 499 734 Gron.
545 671 670 752 quidem
692 677 738 736 eet
753 677 833 737 Gom.
859 707 896 718 -
922 679 992 738 737.
1016 679 1114 738 Etiam
1138 681 1163 736 si
1186 698 1244 738 non

85 775 240 848 eadem,
269 777 321 836 sed
345 777 499 856 eliquanto
521 766 616 838 melior
638 798 753 839 summe
775 780 811 840 ud
836 800 901 839 enm
930 781 1030 840 deleto
1058 786 1116 853 est,
1145 786 1245 840 tomen

87 878 259 955 negando
282 879 355 939 furti
379 881 500 940 crimine
522 882 682 959 obligetur.
726 881 768 942 Ut
790 884 868 941 enirn
892 888 988 956 octor,
1017 885 1042 942 si
1067 884 1136 962 plus
1156 885 1243 962 petit,
1307 869 1314 878 ’

90 965 212 1042 cause
239 981 328 1056 cedit,
350 985 394 1042 its
416 983 491 1042 nihil
513 983 647 1062 impedit,
672 1004 731 1062 quo
755 987 851 1044 minus
873 987 968 1044 minus
990 991 1083 1065 petet.
1111 1015 1148 1026 -
1173 987 1244 1045 738,

94 1073 285 1161 Diespiter
307 1101 365 1146 uos
380 1081 522 1162 puduit.
562 1087 627 1160 Quo
649 1088 685 1146 de
704 1086 813 1147 censo?
835 1089 987 1148 Acidaliae
1004 1091 1244 1166 imprecationem

95 1187 260 1248 elicuisse
282 1193 383 1248 censet
414 1188 508 1263 ,illud
536 1190 639 1249 odiose
667 1191 888 1267 frequentatum
911 1187 1088 1270 qttt'ppirli“‚
1118 1191 1245 1268 ideoque

97 1289 199 1350 hunc
229 1311 346 1351 versum
375 1293 511 1371 proximo
541 1295 709 1370 postponit;
743 1293 795 1352 sed
823 1295 853 1352 iu
883 1295 935 1354 illo
957 1313 1075 1372 quoque
1104 1295 1244 1354 vitiosum

99 1397 162 1451 est
194 1387 261 1469 Ita,
295 1414 364 1468 nec,
397 1395 423 1452 si
450 1413 516 1454 cum
549 1396 684 1454 Acidalio
716 1393 801 1471 „Ito“
832 1417 974 1476 repones,
1004 1402 1141 1470 senetur3
1175 1417 1243 1456 nom

102 1497 297 1576 simpliciter
317 1493 514 1576 „Quippini?“
541 1497 780 1576 respondendum
800 1505 873 1559 erat.
931 1499 1029 1572 Quare
1050 1499 1105 1557 hoe
1126 1519 1245 1576 quoque

102 1619 225 1660 versus
258 1601 335 1659 mele
369 1599 487 1658 additos
504 1601 619 1662 teredo.
649 1631 691 1642 -
724 1604 795 1661 741.
825 1595 981 1679 emetitur,
1015 1601 1100 1660 Moli.
1128 1621 1158 1680 p.
1188 1603 1242 1661 79:

109 1702 244 1780 „egredi
269 1700 398 1762 eccum“.
423 1731 464 1742 —
494 1704 565 1762 742.
599 1706 643 1777 „si
665 1698 766 1764 noles“
792 1709 964 1783 corruptum
987 1709 1042 1763 est.
1086 1703 1155 1763 Sive
1178 1725 1245 1762 cum
1342 1776 1343 1784 ἵ

108 1806 254 1884 antiquis
276 1805 344 1880 edd.
368 1811 398 1864 et
420 1804 504 1864 Acid.
532 1798 637 1881 ,Quin
661 1807 686 1864 si
713 1802 825 1882 uoles“,
853 1809 915 1868 sive
938 1827 1003 1866 oum
1027 1804 1120 1885 Gepp.
1144 1806 1243 1881 „Sine,

109 1910 141 1968 si
171 1905 287 1983 uoles“,
321 1908 443 1982 scribes,
471 1909 601 1968 numeris
623 1909 820 1987 succurritur,
853 1929 912 1970 non
944 1911 1083 1970 sermoni.
1141 1909 1268 1984 Longe*

110 2011 204 2071 aliud
226 2011 299 2085 fuit,
328 2011 411 2072 velut
433 2012 514 2090 quod
543 2013 670 2091 exempli
698 2033 786 2074 conse
814 2014 935 2093 scripsi:
976 2005 1041 2076 Sed
1064 2025 1123 2073 nos
1151 2007 1243 2072 decet.

112 2145 162 2156 --
193 2115 253 2174 744
283 2113 368 2175 effert
389 2113 504 2174 Nouius
525 2137 555 2192 p.
578 2117 639 2174 446
663 2122 749 2195 extr,
773 2117 824 2176 scd
848 2123 1029 2195 corruptum.
1074 2109 1191 2185 inlices,
1215 2136 1242 2174 v.

115 2219 159 2278 ed
184 2218 266 2278 Asin.
291 2219 361 2277 219.

208 2322 279 2380 745.
314 2320 397 2379 Leno
419 2321 481 2380 exit
503 2339 671 2380 crumenam
694 2327 830 2400 porteris,
861 2345 887 2382 r.
913 2323 984 2381 781.
1039 2321 1085 2380 Ad
1115 2322 1243 2396 trepcei·

114 2431 183 2484 tem
205 2425 350 2502 suspicari
372 2424 467 2500 possis
490 2443 556 2482 cum
579 2443 713 2483 nummos
736 2425 814 2482 serre
837 2445 933 2504 nuper
949 2429 1092 2502 receptos.
1110 2454 1152 2464 —
1171 2424 1241 2482 746.

60 2505 61 2516 ¹
118 2541 230 2604 quam,
263 2527 282 2584 i.
307 2546 332 2585 e.
355 2527 455 2603 potius
479 2547 582 2604 quem,
617 2547 644 2586 v.
669 2527 706 2586 ed
728 2527 834 2586 Becch.
860 2527 931 2585 616.
981 2525 1029 2584 Sic
1057 2527 1136 2584 etA
1166 2525 1242 2584 ctB

119 2635 151 2688 et
174 2628 213 2702 C;
237 2627 303 2686 edd.
328 2647 422 2704 usque
450 2629 487 2686 ed
511 2628 605 2708 Gepp.
629 2630 705 2688 mele
731 2627 857 2705 „Quid“.
888 2658 922 2668 -
952 2629 1022 2688 749.
1051 2622 1089 2688 Is
1112 2629 1242 2687 nomine·

119 2733 184 2792 tivo
207 2751 275 2790 casu
300 2731 429 2806 intelligi
452 2734 564 2809 nequit,
588 2751 680 2811 quere
702 2733 796 2812 Gepp.
824 2728 949 2804 „Ecce“,
973 2751 1028 2808 ego
1052 2731 1121 2790 olim
1145 2727 1244 2804 „Ile“;

120 2833 174 2894 sed
196 2839 242 2892 est
264 2833 420 2906 ablativus,
444 2854 470 2893 v.
485 2833 600 2912 Proleg.
624 2837 743 2914 pam,
768 2834 835 2896 edd.
854 2833 938 2894 Onrc.
960 2835 1030 2894 552.
1064 2832 1153 2911 Epid.
1172 2835 1243 2893 703.

120 2937 186 2997 Mil.
211 2940 283 2998 732.
307 2937 384 3010 735;
414 2956 469 3014 pro
494 2933 616 3010 „lucro“
642 2943 754 3012 eutem,
778 2937 856 3016 quod
880 2938 967 2996 nimis
989 2937 1124 3013 languet,
1149 2930 1246 2995 lucris

121 3040 307 3100 scribendum
331 3045 385 3099 est.
449 3040 530 3114 Tali,
565 3041 678 3118 inquit,
714 3042 913 3100 emolumento
934 3053 1001 3100 ‘rem
1022 3054 1125 3099 meam
1146 3033 1245 3116 expli·

123 3139 208 3217 caui,
244 3146 264 3202 i.
287 3163 313 3204 e.
342 3143 473 3203 stabilivi
502 3148 534 3200 et
562 3147 645 3216 suxi,
680 3149 715 3203 ut
736 3143 920 3204 confidenter
948 3141 1097 3202 affirmare
1124 3143 1244 3220 possim,

20 3225 22 3230 ’
124 3247 241 3305 mentiri
257 3246 438 3324 nemspees.
451 3275 492 3288 -
514 3247 584 3318 753,
608 3246 644 3305 ef.
658 3245 744 3323 Epid.
761 3249 808 3306 50.
852 3242 1095 3306 emmeceeec.
1115 3275 1155 3284 -
1173 3247 1244 3304 754.

127 3345 269 3424 „Ueleut“
291 3351 326 3422 A,
350 3349 429 3426 quod
449 3350 473 3406 si
493 3349 558 3427 quis
577 3367 632 3427 pro
649 3350 885 3426 interrogatione
913 3351 1025 3425 capiet,
1051 3351 1080 3406 iu
1103 3367 1245 3425 responso

125 3457 248 3511 nonest
273 3453 448 3530 ,quesitum
472 3445 547 3522 est“‚
571 3450 624 3508 sed
645 3449 878 3528 „postuletum“.
923 3451 1043 3511 Rectius
1066 3454 1135 3509 cett.
1159 3449 1243 3509 codd.

128 3544 303 3627 „Uel'eout“.
348 3553 393 3613 Ad
423 3548 494 3614 uolo
522 3559 650 3631 utroque
678 3555 743 3614 loco
774 3552 912 3628 „uelere“
944 3553 1131 3613 audiendum.
1187 3553 1246 3612 Pro

125 3657 213 3735 atque
235 3656 330 3735 Gepp.
358 3654 490 3734 ,etqui“.
545 3653 577 3715 Si
606 3656 811 3734 corrigendum
842 3662 901 3730 est,
938 3653 1101 3734 ,nomque“
1132 3661 1244 3733 praetu·

125 3760 215 3818 lerini.
233 3789 277 3800 -
300 3761 371 3819 755.
394 3760 431 3819 nt
445 3753 643 3836 postulatum
662 3759 714 3832 est,
738 3765 773 3818 ut
791 3761 912 3838 optasti.
935 3787 977 3798 —
998 3773 1064 3819 coo
1086 3753 1154 3835 tibi,
1177 3759 1245 3819 narn

127 3863 174 3922 elii
197 3862 324 3921 amatori
347 3862 542 3922 destinentur.
561 3893 602 3903 -
626 3864 697 3922 756.
725 3858 755 3921 si
778 3855 886 3934 audes,
909 3863 934 3921 si
954 3863 1004 3934 vis,
1028 3881 1138 3939 queso,
1162 3882 1189 3920 v.
1208 3861 1245 3919 nd

126 3966 203 4026 Asin.
228 3966 299 4024 473.
329 3991 371 4004 ·-
406 3966 466 4024 758
496 3985 539 4043 sq.
568 3967 651 4024 Leno
680 3966 814 4025 inutilem
849 3969 880 4024 et
913 3965 1045 4042 ineptam
1079 3966 1245 4022 orationem

128 4071 185 4126 eins
208 4087 273 4126 esse
297 4068 378 4127 dicit.
424 4067 509 4126 Talin
532 4069 646 4147 antiqui
670 4068 788 4147 frigide,
812 4068 918 4144 ψυχρά,
943 4067 1089 4140 dicebant,
1117 4088 1145 4126 v.
1170 4066 1244 4124 Plet.

127 4169 253 4247 Enthyd.
279 4171 339 4230 284
362 4169 398 4230 Ε.
432 4169 530 4230 (letul.
554 4169 595 4228 44
620 4171 656 4229 nl.
701 4171 824 4248 Frigido
847 4173 939 4246 igitur
960 4169 1052 4229 verbe
1075 4169 1245 4228 odolescen-

129 4279 182 4331 tem
207 4276 251 4333 eit
273 4265 302 4332 iri
325 4293 358 4332 os
381 4293 465 4332 sunm
487 4273 606 4346 inferre,
632 4273 680 4331 vel
702 4289 738 4333 os
759 4294 844 4334 suum
867 4267 1083 4352 sriqelactare,
1112 4271 1143 4329 id
1166 4269 1245 4349 quod

131 4377 152 4432 ei
173 4360 298 4435 maxime
320 4395 395 4455 opus
420 4395 484 4434 esse
512 4375 644 4451 videtur,
678 4377 730 4454 qni
758 4376 855 4436 cibum
885 4376 972 4436 nimis
1001 4374 1128 4435 calidum
1156 4376 1245 4453 cepit,
