2932 5008
763 477 853 532 Plauti
1142 475 1188 544 lv,
1205 477 1233 540 6,
1252 479 1373 530 40-47

642 631 966 734 doloteleutium

1002 773 1074 840 Soio
1098 773 1214 856 edepol
1238 773 1373 852 faoile3

260 884 341 948 Nam
364 883 464 950 odore
487 903 601 948 nasum
624 883 752 962 sentiat,
776 884 803 948 si
826 884 913 948 intus
935 884 986 950 sit.

636 1035 973 1120 Pyrgopolinices

1020 1143 1221 1210 Hariolatur.

260 1253 344 1330 Quia
361 1273 411 1318 me
429 1259 527 1330 amat,
545 1257 719 1336 propterea
731 1249 838 1316 Uenus
856 1251 933 1316 feeit
949 1272 1021 1317 eam
1037 1252 1262 1318 utdiuinaret.
1293 1271 1374 1324 1250

641 1405 966 1470 Acroteleutium

259 1513 377 1578 Nescio
395 1512 451 1578 ubi
468 1513 522 1577 hio
540 1533 646 1596 prope·
661 1514 763 1592 adest,
786 1533 882 1596 quem
901 1521 1016 1598 expeto
1035 1512 1161 1594 uidere;
1185 1512 1255 1579 olet
1279 1535 1373 1597 pro-

1070 1620 1165 1687 fecto.

633 1761 971 1847 Pyrgopolinices

258 1871 346 1935 Naso
368 1869 422 1952 pol
444 1872 507 1936 iem
530 1869 612 1936 haee
634 1871 766 1954 quidem
790 1870 882 1936 uidet
904 1871 977 1954 plue
1000 1891 1096 1954 quam
1119 1871 1232 1936 oculis.

684 2023 921 2090 Palaestrio

1069 2129 1175 2197 Caeca
1198 2141 1371 2199 amorest.

641 2275 965 2342 Acroteleutium

258 2383 345 2450 Tene
368 2405 428 2464 me,
452 2384 599 2451 obsecro.

668 2525 941 2612 Milphidippa

601 2636 691 2702 Gur?

638 2789 964 2855 Acroteleutium

690 2897 739 2962 Ne
762 2899 887 2962 cadam.

663 3051 942 3135 Milphidippa

888 3157 971 3235 Quid
995 3157 1063 3223 ita?

639 3311 966 3378 Acroteleutium

990 3417 1075 3496 Quia
1098 3421 1186 3483 stare
1209 3437 1364 3501 nequeo.

258 3530 309 3595 lta
331 3535 456 3595 enimus
478 3551 537 3613 per
559 3529 670 3596 oeulos
691 3549 781 3594 meos
803 3549 890 3594 mate
911 3527 1000 3593 defit.

663 3655 943 3767 Milpllidippa

1018 3788 1154 3853 Militem
1176 3786 1232 3871 pol

257 3901 305 3966 Tu
329 3903 517 3985 adspexisti.

327 4143 392 4195 1248
401 4139 511 4207 faoioO,
523 4141 581 4192 seio
589 4137 617 4192 B
668 4137 733 4190 1249
743 4153 840 4190 nasum
850 4151 899 4190 om.
910 4135 937 4188 B
984 4135 1049 4198 1250
1058 4131 1128 4200 Quia
1137 4147 1181 4185 me
1192 4137 1223 4184 tu
1233 4138 1362 4200 propter

257 4243 343 4280 uenus
362 4225 389 4279 Β
460 4227 523 4279 1251
543 4228 675 4294 properat
692 4227 735 4276 est
752 4219 780 4275 Β
855 4222 919 4274 1252
938 4220 1000 4289 plus
1018 4218 1096 4272 uidet
1165 4231 1261 4269 oeoare
1281 4225 1298 4272 ὃ
1317 4217 1360 4281 Β,

257 4329 322 4366 osca
342 4328 389 4364 ore
407 4311 491 4364 estc
558 4311 622 4363 1255
641 4325 712 4376 quor
731 4306 784 4361 AG.
803 4325 854 4360 neo
868 4307 895 4360 Β
965 4305 1074 4359 adstare
1144 4300 1283 4371 NequeB

258 4399 323 4451 loos
340 4413 417 4449 meus
435 4411 485 4450 om.
554 4395 585 4448 fit
602 4393 629 4448 B
