<?xml version="1.0" encoding="UTF-8"?>
<!DOCTYPE html PUBLIC "-//W3C//DTD XHTML 1.0 Transitional//EN"
    "http://www.w3.org/TR/xhtml1/DTD/xhtml1-transitional.dtd">
<html xmlns="http://www.w3.org/1999/xhtml" xml:lang="en" lang="en">
 <head>
  <title>
</title>
<meta http-equiv="Content-Type" content="text/html;charset=utf-8" />
  <meta name='ocr-system' content='tesseract 3.04.00' />
  <meta name='ocr-capabilities' content='ocr_page ocr_carea ocr_par ocr_line ocrx_word'/>
</head>
<body>
  <div class='ocr_page' id='page_1' title='image "./tmacciiplautico01ussigoog_0669.png"; bbox 0 0 2982 5020; ppageno 0'>
   <div class='ocr_carea' id='block_1_1' title="bbox 262 457 896 526">
    <p class='ocr_par' dir='ltr' id='par_1_1' title="bbox 262 457 896 526">
     <span class='ocr_line' id='line_1_1' title="bbox 262 457 896 526; baseline 0 -15"><span class='ocrx_word' id='word_1_1' title='bbox 262 467 322 526; x_wconf 75' lang='lat'>294</span> <span class='ocrx_word' id='word_1_2' title='bbox 748 457 896 514; x_wconf 76' lang='lat' dir='ltr'>Poenulus.</span> 
     </span>
    </p>
   </div>
   <div class='ocr_carea' id='block_1_2' title="bbox 259 653 1391 3710">
    <p class='ocr_par' dir='ltr' id='par_1_2' title="bbox 259 653 1391 2068">
     <span class='ocr_line' id='line_1_2' title="bbox 262 653 1391 733; baseline 0 -21"><span class='ocrx_word' id='word_1_3' title='bbox 262 675 365 712; x_wconf 87' lang='lat' dir='ltr'>nomen</span> <span class='ocrx_word' id='word_1_4' title='bbox 394 659 473 711; x_wconf 86' lang='lat' dir='ltr'>recte</span> <span class='ocrx_word' id='word_1_5' title='bbox 502 653 613 712; x_wconf 86' lang='lat' dir='ltr'>Ritecb.</span> <span class='ocrx_word' id='word_1_6' title='bbox 642 653 661 710; x_wconf 92' lang='lat' dir='ltr'>l.</span> <span class='ocrx_word' id='word_1_7' title='bbox 686 655 704 710; x_wconf 94' lang='lat' dir='ltr'>l.</span> <span class='ocrx_word' id='word_1_8' title='bbox 734 675 762 730; x_wconf 89' lang='lat' dir='ltr'>p.</span> <span class='ocrx_word' id='word_1_9' title='bbox 794 656 854 712; x_wconf 80' lang='lat'>344</span> <span class='ocrx_word' id='word_1_10' title='bbox 884 655 1095 714; x_wconf 83' lang='lat' dir='ltr'>animadvertit</span> <span class='ocrx_word' id='word_1_11' title='bbox 1128 658 1228 733; x_wconf 84' lang='lat' dir='ltr'>aptius</span> <span class='ocrx_word' id='word_1_12' title='bbox 1255 657 1391 714; x_wconf 76' lang='lat' dir='ltr'>danistae</span> 
     </span>
     <span class='ocr_line' id='line_1_3' title="bbox 260 748 1389 834; baseline 0.001 -20"><span class='ocrx_word' id='word_1_13' title='bbox 260 759 305 816; x_wconf 85' lang='lat' dir='ltr'>vel</span> <span class='ocrx_word' id='word_1_14' title='bbox 328 758 479 834; x_wconf 67' lang='lat' dir='ltr'>trapezita</span> <span class='ocrx_word' id='word_1_15' title='bbox 501 748 685 831; x_wconf 73' lang='grc' dir='ltr'>(κολλυβιστῇ)</span> <span class='ocrx_word' id='word_1_16' title='bbox 713 757 805 814; x_wconf 85' lang='lat' dir='ltr'>tribui</span> <span class='ocrx_word' id='word_1_17' title='bbox 834 775 921 832; x_wconf 88' lang='lat' dir='ltr'>quarn</span> <span class='ocrx_word' id='word_1_18' title='bbox 950 757 1018 816; x_wconf 91' lang='lat' dir='ltr'>huic</span> <span class='ocrx_word' id='word_1_19' title='bbox 1047 771 1141 815; x_wconf 82' lang='lat' dir='ltr'>servo.</span> <span class='ocrx_word' id='word_1_20' title='bbox 1197 757 1256 816; x_wconf 86' lang='lat' dir='ltr'>Nec</span> <span class='ocrx_word' id='word_1_21' title='bbox 1276 765 1389 817; x_wconf 88' lang='lat' dir='ltr'>tamen</span> 
     </span>
     <span class='ocr_line' id='line_1_4' title="bbox 259 858 1388 932; baseline 0 -14"><span class='ocrx_word' id='word_1_22' title='bbox 259 860 333 918; x_wconf 89' lang='lat' dir='ltr'>illud</span> <span class='ocrx_word' id='word_1_23' title='bbox 352 879 457 918; x_wconf 87' lang='lat' dir='ltr'>nomen</span> <span class='ocrx_word' id='word_1_24' title='bbox 476 859 658 917; x_wconf 78' lang='lat' dir='ltr'>defenderim</span> <span class='ocrx_word' id='word_1_25' title='bbox 677 859 767 916; x_wconf 86' lang='lat' dir='ltr'>allato</span> <span class='ocrx_word' id='word_1_26' title='bbox 790 858 954 918; x_wconf 85' lang='lat' dir='ltr'>Trinummi</span> <span class='ocrx_word' id='word_1_27' title='bbox 974 882 1000 920; x_wconf 83' lang='lat' dir='ltr'>v.</span> <span class='ocrx_word' id='word_1_28' title='bbox 1018 863 1107 932; x_wconf 82' lang='lat'>1021,</span> <span class='ocrx_word' id='word_1_29' title='bbox 1126 864 1210 918; x_wconf 87' lang='lat' dir='ltr'>cuius</span> <span class='ocrx_word' id='word_1_30' title='bbox 1229 861 1285 919; x_wconf 87' lang='lat' dir='ltr'>alia</span> <span class='ocrx_word' id='word_1_31' title='bbox 1298 864 1388 920; x_wconf 87' lang='lat' dir='ltr'>ratio</span> 
     </span>
     <span class='ocr_line' id='line_1_5' title="bbox 259 963 1387 1040; baseline 0.001 -19"><span class='ocrx_word' id='word_1_32' title='bbox 259 967 320 1034; x_wconf 70' lang='lat' dir='ltr'>est,</span> <span class='ocrx_word' id='word_1_33' title='bbox 344 963 391 1020; x_wconf 89' lang='lat' dir='ltr'>hic</span> <span class='ocrx_word' id='word_1_34' title='bbox 408 984 426 1020; x_wconf 87' lang='lat' dir='ltr'>a</span> <span class='ocrx_word' id='word_1_35' title='bbox 443 963 563 1038; x_wconf 74' lang='grc' dir='ltr'>κολλάβῳ</span> <span class='ocrx_word' id='word_1_36' title='bbox 580 964 600 1020; x_wconf 91' lang='lat' dir='ltr'>i.</span> <span class='ocrx_word' id='word_1_37' title='bbox 613 983 637 1022; x_wconf 90' lang='lat' dir='ltr'>e.</span> <span class='ocrx_word' id='word_1_38' title='bbox 651 963 796 1040; x_wconf 83' lang='lat' dir='ltr'>placenta,</span> <span class='ocrx_word' id='word_1_39' title='bbox 823 983 851 1020; x_wconf 89' lang='lat' dir='ltr'>v.</span> <span class='ocrx_word' id='word_1_40' title='bbox 866 963 1017 1039; x_wconf 82' lang='lat' dir='ltr'>Aristoph.</span> <span class='ocrx_word' id='word_1_41' title='bbox 1030 963 1104 1022; x_wconf 84' lang='lat' dir='ltr'>Rau.</span> <span class='ocrx_word' id='word_1_42' title='bbox 1119 966 1179 1024; x_wconf 79' lang='grc'>507</span> <span class='ocrx_word' id='word_1_43' title='bbox 1198 985 1261 1024; x_wconf 90' lang='lat' dir='ltr'>cum</span> <span class='ocrx_word' id='word_1_44' title='bbox 1274 964 1387 1032; x_wconf 71' lang='lat' dir='ltr'>achei,</span> 
     </span>
     <span class='ocr_line' id='line_1_6' title="bbox 260 1061 1387 1144; baseline 0 -21"><span class='ocrx_word' id='word_1_45' title='bbox 260 1065 371 1124; x_wconf 87' lang='lat' dir='ltr'>dictum</span> <span class='ocrx_word' id='word_1_46' title='bbox 401 1061 533 1140; x_wconf 70' lang='lat' dir='ltr'>videtur,</span> <span class='ocrx_word' id='word_1_47' title='bbox 563 1067 646 1142; x_wconf 90' lang='lat' dir='ltr'>quasi</span> <span class='ocrx_word' id='word_1_48' title='bbox 670 1085 753 1136; x_wconf 85' lang='lat' dir='ltr'>esca,</span> <span class='ocrx_word' id='word_1_49' title='bbox 783 1084 841 1141; x_wconf 89' lang='lat' dir='ltr'>qua</span> <span class='ocrx_word' id='word_1_50' title='bbox 869 1065 935 1122; x_wconf 88' lang='lat' dir='ltr'>leno</span> <span class='ocrx_word' id='word_1_51' title='bbox 962 1067 992 1123; x_wconf 91' lang='lat' dir='ltr'>in</span> <span class='ocrx_word' id='word_1_52' title='bbox 1016 1065 1151 1142; x_wconf 79' lang='lat' dir='ltr'>pedicam</span> <span class='ocrx_word' id='word_1_53' title='bbox 1174 1067 1220 1124; x_wconf 87' lang='lat' dir='ltr'>vel</span> <span class='ocrx_word' id='word_1_54' title='bbox 1242 1068 1387 1144; x_wconf 84' lang='lat' dir='ltr'>laqueum</span> 
     </span>
     <span class='ocr_line' id='line_1_7' title="bbox 259 1167 1387 1247; baseline 0 -21"><span class='ocrx_word' id='word_1_55' title='bbox 259 1167 427 1227; x_wconf 87' lang='lat' dir='ltr'>illiciendus</span> <span class='ocrx_word' id='word_1_56' title='bbox 449 1175 504 1228; x_wconf 87' lang='lat' dir='ltr'>eet.</span> <span class='ocrx_word' id='word_1_57' title='bbox 522 1199 564 1208; x_wconf 89' lang='lat'><em>-</em></span> <span class='ocrx_word' id='word_1_58' title='bbox 586 1168 694 1227; x_wconf 78' lang='lat' dir='ltr'>Graecm</span> <span class='ocrx_word' id='word_1_59' title='bbox 717 1167 838 1240; x_wconf 74' lang='lat' dir='ltr'>littera,</span> <span class='ocrx_word' id='word_1_60' title='bbox 863 1187 928 1244; x_wconf 79' lang='lat' dir='ltr'>quae</span> <span class='ocrx_word' id='word_1_61' title='bbox 951 1170 980 1227; x_wconf 92' lang='lat' dir='ltr'>in</span> <span class='ocrx_word' id='word_1_62' title='bbox 1004 1169 1163 1247; x_wconf 82' lang='lat' dir='ltr'>archetypo</span> <span class='ocrx_word' id='word_1_63' title='bbox 1186 1189 1387 1247; x_wconf 88' lang='lat' dir='ltr'>personarum</span> 
     </span>
     <span class='ocr_line' id='line_1_8' title="bbox 260 1269 1385 1348; baseline 0.001 -18"><span class='ocrx_word' id='word_1_64' title='bbox 260 1277 338 1330; x_wconf 70' lang='lat' dir='ltr'>note</span> <span class='ocrx_word' id='word_1_65' title='bbox 369 1271 497 1343; x_wconf 74' lang='lat' dir='ltr'>dierunt,</span> <span class='ocrx_word' id='word_1_66' title='bbox 529 1273 557 1328; x_wconf 93' lang='lat' dir='ltr'>in</span> <span class='ocrx_word' id='word_1_67' title='bbox 582 1269 646 1330; x_wconf 88' lang='lat' dir='ltr'>cod.</span> <span class='ocrx_word' id='word_1_68' title='bbox 670 1269 694 1328; x_wconf 92' lang='lat' dir='ltr'>B</span> <span class='ocrx_word' id='word_1_69' title='bbox 717 1277 841 1330; x_wconf 70' lang='lat' dir='ltr'>servata</span> <span class='ocrx_word' id='word_1_70' title='bbox 864 1279 933 1329; x_wconf 86' lang='lat' dir='ltr'>suut</span> <span class='ocrx_word' id='word_1_71' title='bbox 961 1293 978 1329; x_wconf 91' lang='lat' dir='ltr'>a</span> <span class='ocrx_word' id='word_1_72' title='bbox 1005 1293 1032 1329; x_wconf 82' lang='lat' dir='ltr'>v.</span> <span class='ocrx_word' id='word_1_73' title='bbox 1057 1273 1116 1330; x_wconf 86' lang='grc'>470</span> <span class='ocrx_word' id='word_1_74' title='bbox 1146 1274 1184 1330; x_wconf 87' lang='lat' dir='ltr'>ad</span> <span class='ocrx_word' id='word_1_75' title='bbox 1217 1273 1315 1348; x_wconf 82' lang='lat'>11903</span> <span class='ocrx_word' id='word_1_76' title='bbox 1353 1276 1385 1331; x_wconf 91' lang='lat' dir='ltr'>in</span> 
     </span>
     <span class='ocr_line' id='line_1_9' title="bbox 260 1373 1387 1450; baseline 0.002 -18"><span class='ocrx_word' id='word_1_77' title='bbox 260 1374 377 1450; x_wconf 89' lang='lat' dir='ltr'>relique</span> <span class='ocrx_word' id='word_1_78' title='bbox 398 1373 500 1431; x_wconf 85' lang='lat' dir='ltr'>sabula</span> <span class='ocrx_word' id='word_1_79' title='bbox 522 1379 614 1446; x_wconf 82' lang='lat' dir='ltr'>notae,</span> <span class='ocrx_word' id='word_1_80' title='bbox 645 1392 718 1448; x_wconf 90' lang='lat' dir='ltr'>quas</span> <span class='ocrx_word' id='word_1_81' title='bbox 741 1373 911 1432; x_wconf 77' lang='lat' dir='ltr'><strong>rubricator</strong></span> <span class='ocrx_word' id='word_1_82' title='bbox 932 1373 1041 1431; x_wconf 81' lang='lat' dir='ltr'>addere</span> <span class='ocrx_word' id='word_1_83' title='bbox 1069 1373 1187 1449; x_wconf 84' lang='lat' dir='ltr'>debuit,</span> <span class='ocrx_word' id='word_1_84' title='bbox 1220 1377 1281 1434; x_wconf 87' lang='lat' dir='ltr'>sere</span> <span class='ocrx_word' id='word_1_85' title='bbox 1302 1375 1387 1434; x_wconf 86' lang='lat' dir='ltr'>deai-</span> 
     </span>
     <span class='ocr_line' id='line_1_10' title="bbox 261 1475 1387 1555; baseline 0.003 -21"><span class='ocrx_word' id='word_1_86' title='bbox 261 1478 417 1546; x_wconf 86' lang='lat' dir='ltr'>derantur,</span> <span class='ocrx_word' id='word_1_87' title='bbox 440 1478 470 1534; x_wconf 91' lang='lat' dir='ltr'>iu</span> <span class='ocrx_word' id='word_1_88' title='bbox 491 1477 597 1534; x_wconf 87' lang='lat' dir='ltr'>mediis</span> <span class='ocrx_word' id='word_1_89' title='bbox 619 1476 753 1535; x_wconf 86' lang='lat' dir='ltr'>versibus</span> <span class='ocrx_word' id='word_1_90' title='bbox 776 1479 872 1551; x_wconf 88' lang='lat' dir='ltr'>spatie</span> <span class='ocrx_word' id='word_1_91' title='bbox 889 1479 926 1533; x_wconf 87' lang='lat' dir='ltr'>iis</span> <span class='ocrx_word' id='word_1_92' title='bbox 943 1475 1091 1534; x_wconf 85' lang='lat' dir='ltr'>destinata</span> <span class='ocrx_word' id='word_1_93' title='bbox 1107 1485 1263 1555; x_wconf 85' lang='lat' dir='ltr'>apparant.</span> <span class='ocrx_word' id='word_1_94' title='bbox 1307 1479 1387 1537; x_wconf 86' lang='lat' dir='ltr'>Rem</span> 
     </span>
     <span class='ocr_line' id='line_1_11' title="bbox 261 1578 1387 1655; baseline 0.002 -17"><span class='ocrx_word' id='word_1_95' title='bbox 261 1579 490 1638; x_wconf 83' lang='lat' dir='ltr'>commemoravi</span> <span class='ocrx_word' id='word_1_96' title='bbox 512 1579 629 1655; x_wconf 82' lang='lat' dir='ltr'>Proleg.</span> <span class='ocrx_word' id='word_1_97' title='bbox 653 1598 682 1655; x_wconf 91' lang='lat' dir='ltr'>p.</span> <span class='ocrx_word' id='word_1_98' title='bbox 709 1579 777 1650; x_wconf 77' lang='lat'>158,</span> <span class='ocrx_word' id='word_1_99' title='bbox 807 1579 857 1636; x_wconf 92' lang='lat' dir='ltr'>ubi</span> <span class='ocrx_word' id='word_1_100' title='bbox 880 1578 959 1655; x_wconf 91' lang='lat' dir='ltr'>quod</span> <span class='ocrx_word' id='word_1_101' title='bbox 982 1579 1094 1636; x_wconf 84' lang='lat' dir='ltr'>lenonie</span> <span class='ocrx_word' id='word_1_102' title='bbox 1117 1590 1147 1638; x_wconf 84' lang='lat' dir='ltr'>et</span> <span class='ocrx_word' id='word_1_103' title='bbox 1169 1582 1274 1640; x_wconf 87' lang='lat' dir='ltr'>militia</span> <span class='ocrx_word' id='word_1_104' title='bbox 1294 1589 1387 1642; x_wconf 86' lang='lat' dir='ltr'>notas</span> 
     </span>
     <span class='ocr_line' id='line_1_12' title="bbox 260 1682 1386 1761; baseline 0.002 -21"><span class='ocrx_word' id='word_1_105' title='bbox 260 1684 343 1741; x_wconf 90' lang='lat' dir='ltr'>uncie</span> <span class='ocrx_word' id='word_1_106' title='bbox 366 1682 488 1754; x_wconf 88' lang='lat' dir='ltr'>inclusi,</span> <span class='ocrx_word' id='word_1_107' title='bbox 517 1689 675 1758; x_wconf 79' lang='lat' dir='ltr'>postquem</span> <span class='ocrx_word' id='word_1_108' title='bbox 699 1684 763 1760; x_wconf 88' lang='lat' dir='ltr'>ipso</span> <span class='ocrx_word' id='word_1_109' title='bbox 785 1682 914 1739; x_wconf 80' lang='lat' dir='ltr'>codicem</span> <span class='ocrx_word' id='word_1_110' title='bbox 939 1683 1062 1760; x_wconf 84' lang='lat' dir='ltr'>inspexi,</span> <span class='ocrx_word' id='word_1_111' title='bbox 1086 1683 1248 1759; x_wconf 80' lang='lat' dir='ltr'>Equidem</span> <span class='ocrx_word' id='word_1_112' title='bbox 1270 1685 1386 1761; x_wconf 91' lang='lat' dir='ltr'>ubique</span> 
     </span>
     <span class='ocr_line' id='line_1_13' title="bbox 261 1783 1385 1864; baseline 0.002 -22"><span class='ocrx_word' id='word_1_113' title='bbox 261 1787 422 1844; x_wconf 88' lang='lat' dir='ltr'>clarissime</span> <span class='ocrx_word' id='word_1_114' title='bbox 444 1805 588 1862; x_wconf 87' lang='lat' dir='ltr'>apparere</span> <span class='ocrx_word' id='word_1_115' title='bbox 611 1783 757 1844; x_wconf 79' lang='lat' dir='ltr'>affirmare</span> <span class='ocrx_word' id='word_1_116' title='bbox 785 1804 919 1862; x_wconf 88' lang='lat' dir='ltr'>possum,</span> <span class='ocrx_word' id='word_1_117' title='bbox 944 1794 965 1840; x_wconf 87' lang='grc' dir='ltr'><em>Ζ</em></span> <span class='ocrx_word' id='word_1_118' title='bbox 986 1790 1085 1842; x_wconf 81' lang='lat' dir='ltr'>exstat</span> <span class='ocrx_word' id='word_1_119' title='bbox 1107 1805 1134 1844; x_wconf 88' lang='lat' dir='ltr'>v.</span> <span class='ocrx_word' id='word_1_120' title='bbox 1160 1787 1236 1857; x_wconf 87' lang='grc'>501,</span> <span class='ocrx_word' id='word_1_121' title='bbox 1266 1789 1294 1844; x_wconf 87' lang='lat' dir='ltr'>in</span> <span class='ocrx_word' id='word_1_122' title='bbox 1318 1790 1385 1864; x_wconf 93' lang='lat' dir='ltr'>pri-</span> 
     </span>
     <span class='ocr_line' id='line_1_14' title="bbox 261 1886 1386 1964; baseline 0.001 -17"><span class='ocrx_word' id='word_1_123' title='bbox 261 1889 362 1948; x_wconf 83' lang='lat' dir='ltr'>oribus</span> <span class='ocrx_word' id='word_1_124' title='bbox 385 1907 485 1946; x_wconf 89' lang='lat' dir='ltr'>errore</span> <span class='ocrx_word' id='word_1_125' title='bbox 508 1886 533 1944; x_wconf 79' lang='lat' dir='ltr'>L</span> <span class='ocrx_word' id='word_1_126' title='bbox 555 1889 697 1964; x_wconf 88' lang='lat' dir='ltr'>scriptum</span> <span class='ocrx_word' id='word_1_127' title='bbox 722 1892 781 1958; x_wconf 76' lang='lat' dir='ltr'>cst,</span> <span class='ocrx_word' id='word_1_128' title='bbox 804 1906 859 1964; x_wconf 91' lang='lat' dir='ltr'>pro</span> <span class='ocrx_word' id='word_1_129' title='bbox 881 1895 913 1960; x_wconf 83' lang='lat' dir='ltr'>A,</span> <span class='ocrx_word' id='word_1_130' title='bbox 936 1887 1127 1945; x_wconf 76' lang='lat' dir='ltr'>Anterastilis</span> <span class='ocrx_word' id='word_1_131' title='bbox 1149 1893 1229 1960; x_wconf 78' lang='lat' dir='ltr'>nota,</span> <span class='ocrx_word' id='word_1_132' title='bbox 1253 1909 1280 1947; x_wconf 84' lang='lat' dir='ltr'>v.</span> <span class='ocrx_word' id='word_1_133' title='bbox 1303 1893 1386 1948; x_wconf 77' lang='lat'>1184</span> 
     </span>
     <span class='ocr_line' id='line_1_15' title="bbox 261 1989 754 2068; baseline -0.002 -19"><span class='ocrx_word' id='word_1_134' title='bbox 261 2003 286 2049; x_wconf 80' lang='lat' dir='ltr'><em>A</em></span> <span class='ocrx_word' id='word_1_135' title='bbox 308 1991 451 2068; x_wconf 88' lang='lat' dir='ltr'>scriptum</span> <span class='ocrx_word' id='word_1_136' title='bbox 474 1994 519 2048; x_wconf 89' lang='lat' dir='ltr'>est</span> <span class='ocrx_word' id='word_1_137' title='bbox 539 1989 620 2048; x_wconf 77' lang='lat' dir='ltr'>facili</span> <span class='ocrx_word' id='word_1_138' title='bbox 643 2009 754 2048; x_wconf 88' lang='lat' dir='ltr'>errore.</span> 
     </span>
    </p>

    <p class='ocr_par' dir='ltr' id='par_1_3' title="bbox 260 2091 1387 3710">
     <span class='ocr_line' id='line_1_16' title="bbox 346 2091 1387 2171; baseline 0.002 -21"><span class='ocrx_word' id='word_1_139' title='bbox 346 2093 393 2151; x_wconf 82' lang='lat' dir='ltr'>Ad</span> <span class='ocrx_word' id='word_1_140' title='bbox 415 2091 627 2150; x_wconf 87' lang='lat' dir='ltr'>emendandam</span> <span class='ocrx_word' id='word_1_141' title='bbox 645 2091 722 2151; x_wconf 86' lang='lat' dir='ltr'>benc</span> <span class='ocrx_word' id='word_1_142' title='bbox 738 2093 868 2150; x_wconf 79' lang='lat' dir='ltr'>fabulam</span> <span class='ocrx_word' id='word_1_143' title='bbox 885 2091 1008 2151; x_wconf 87' lang='lat' dir='ltr'>multum</span> <span class='ocrx_word' id='word_1_144' title='bbox 1028 2093 1157 2151; x_wconf 84' lang='lat' dir='ltr'>contulit</span> <span class='ocrx_word' id='word_1_145' title='bbox 1173 2094 1387 2171; x_wconf 82' lang='lat' dir='ltr'>palimpsestus</span> 
     </span>
     <span class='ocr_line' id='line_1_17' title="bbox 261 2195 1385 2272; baseline -0.002 -16"><span class='ocrx_word' id='word_1_146' title='bbox 261 2197 486 2267; x_wconf 75' lang='lat' dir='ltr'>Ambrosianus,</span> <span class='ocrx_word' id='word_1_147' title='bbox 522 2195 605 2254; x_wconf 90' lang='lat' dir='ltr'>cuius</span> <span class='ocrx_word' id='word_1_148' title='bbox 635 2195 691 2254; x_wconf 86' lang='lat' dir='ltr'>huo</span> <span class='ocrx_word' id='word_1_149' title='bbox 712 2197 863 2272; x_wconf 84' lang='lat' dir='ltr'>pertinent</span> <span class='ocrx_word' id='word_1_150' title='bbox 884 2195 981 2253; x_wconf 84' lang='lat' dir='ltr'>XXIV</span> <span class='ocrx_word' id='word_1_151' title='bbox 1003 2196 1076 2254; x_wconf 84' lang='lat' dir='ltr'>folia</span> <span class='ocrx_word' id='word_1_152' title='bbox 1097 2197 1213 2271; x_wconf 81' lang='lat' dir='ltr'>integra</span> <span class='ocrx_word' id='word_1_153' title='bbox 1234 2217 1299 2255; x_wconf 89' lang='lat' dir='ltr'>cum</span> <span class='ocrx_word' id='word_1_154' title='bbox 1321 2198 1385 2254; x_wconf 83' lang='lat' dir='ltr'>fru-</span> 
     </span>
     <span class='ocr_line' id='line_1_18' title="bbox 261 2299 1384 2376; baseline -0.003 -16"><span class='ocrx_word' id='word_1_155' title='bbox 261 2299 349 2360; x_wconf 88' lang='lat' dir='ltr'>stulis</span> <span class='ocrx_word' id='word_1_156' title='bbox 365 2303 461 2372; x_wconf 87' lang='lat' dir='ltr'>unius,</span> <span class='ocrx_word' id='word_1_157' title='bbox 487 2317 552 2376; x_wconf 77' lang='lat' dir='ltr'>quaa</span> <span class='ocrx_word' id='word_1_158' title='bbox 568 2305 680 2356; x_wconf 84' lang='lat' dir='ltr'>textum</span> <span class='ocrx_word' id='word_1_159' title='bbox 699 2299 851 2356; x_wconf 76' lang='lat' dir='ltr'>continent</span> <span class='ocrx_word' id='word_1_160' title='bbox 862 2317 998 2356; x_wconf 88' lang='lat' dir='ltr'>versuum</span> <span class='ocrx_word' id='word_1_161' title='bbox 1013 2300 1189 2366; x_wconf 82' lang='lat'>280—-499,</span> <span class='ocrx_word' id='word_1_162' title='bbox 1205 2299 1384 2368; x_wconf 70' lang='lat' dir='ltr'>orl—602,</span> 
     </span>
     <span class='ocr_line' id='line_1_19' title="bbox 263 2402 1385 2476; baseline -0.004 -12"><span class='ocrx_word' id='word_1_163' title='bbox 263 2403 445 2474; x_wconf 85' lang='grc'><strong>634-706,</strong></span> <span class='ocrx_word' id='word_1_164' title='bbox 480 2403 662 2475; x_wconf 83' lang='grc'><strong>745-781,</strong></span> <span class='ocrx_word' id='word_1_165' title='bbox 697 2402 901 2472; x_wconf 70' lang='lat' dir='ltr'>asa—1062,</span> <span class='ocrx_word' id='word_1_166' title='bbox 939 2403 1163 2476; x_wconf 74' lang='lat'>1101—1378,</span> <span class='ocrx_word' id='word_1_167' title='bbox 1208 2402 1385 2460; x_wconf 83' lang='lat'>1417-19.</span> 
     </span>
     <span class='ocr_line' id='line_1_20' title="bbox 262 2503 1387 2581; baseline -0.004 -15"><span class='ocrx_word' id='word_1_168' title='bbox 262 2507 357 2566; x_wconf 87' lang='lat' dir='ltr'>Huius</span> <span class='ocrx_word' id='word_1_169' title='bbox 380 2507 543 2580; x_wconf 74' lang='lat' dir='ltr'>scripturae</span> <span class='ocrx_word' id='word_1_170' title='bbox 574 2503 668 2562; x_wconf 82' lang='lat' dir='ltr'>edidit</span> <span class='ocrx_word' id='word_1_171' title='bbox 691 2503 832 2580; x_wconf 84' lang='lat' dir='ltr'>Geppert.</span> <span class='ocrx_word' id='word_1_172' title='bbox 856 2504 887 2561; x_wconf 92' lang='lat' dir='ltr'>in</span> <span class='ocrx_word' id='word_1_173' title='bbox 910 2503 955 2562; x_wconf 91' lang='lat' dir='ltr'>ed.</span> <span class='ocrx_word' id='word_1_174' title='bbox 979 2503 1109 2562; x_wconf 91' lang='lat' dir='ltr'>Berolin.</span> <span class='ocrx_word' id='word_1_175' title='bbox 1137 2505 1234 2576; x_wconf 75' lang='lat'>1864,</span> <span class='ocrx_word' id='word_1_176' title='bbox 1269 2507 1387 2581; x_wconf 80' lang='lat' dir='ltr'>inspexi</span> 
     </span>
     <span class='ocr_line' id='line_1_21' title="bbox 261 2606 1384 2686; baseline -0.003 -17"><span class='ocrx_word' id='word_1_177' title='bbox 261 2613 351 2668; x_wconf 85' lang='lat' dir='ltr'>stiam</span> <span class='ocrx_word' id='word_1_178' title='bbox 373 2610 438 2686; x_wconf 91' lang='lat' dir='ltr'>ipse</span> <span class='ocrx_word' id='word_1_179' title='bbox 460 2606 635 2684; x_wconf 89' lang='lat' dir='ltr'>quibusdam</span> <span class='ocrx_word' id='word_1_180' title='bbox 658 2607 738 2665; x_wconf 92' lang='lat' dir='ltr'>locis.</span> <span class='ocrx_word' id='word_1_181' title='bbox 783 2606 955 2665; x_wconf 84' lang='lat' dir='ltr'>Vaticanum</span> <span class='ocrx_word' id='word_1_182' title='bbox 979 2612 1008 2664; x_wconf 89' lang='lat' dir='ltr'>et</span> <span class='ocrx_word' id='word_1_183' title='bbox 1031 2607 1310 2681; x_wconf 85' lang='lat' dir='ltr'>Heidelbergensem</span> <span class='ocrx_word' id='word_1_184' title='bbox 1333 2629 1384 2666; x_wconf 87' lang='lat' dir='ltr'>oo-</span> 
     </span>
     <span class='ocr_line' id='line_1_22' title="bbox 261 2709 1383 2789; baseline 0 -19"><span class='ocrx_word' id='word_1_185' title='bbox 261 2713 341 2772; x_wconf 87' lang='lat' dir='ltr'>dices</span> <span class='ocrx_word' id='word_1_186' title='bbox 373 2712 438 2789; x_wconf 90' lang='lat' dir='ltr'>ipse</span> <span class='ocrx_word' id='word_1_187' title='bbox 473 2710 592 2781; x_wconf 91' lang='lat' dir='ltr'>contuli,</span> <span class='ocrx_word' id='word_1_188' title='bbox 627 2729 679 2767; x_wconf 90' lang='lat' dir='ltr'>nec</span> <span class='ocrx_word' id='word_1_189' title='bbox 712 2710 814 2785; x_wconf 87' lang='lat' dir='ltr'>paucis</span> <span class='ocrx_word' id='word_1_190' title='bbox 847 2709 920 2768; x_wconf 90' lang='lat' dir='ltr'>locis</span> <span class='ocrx_word' id='word_1_191' title='bbox 950 2709 1134 2787; x_wconf 85' lang='lat' dir='ltr'>Geppertum</span> <span class='ocrx_word' id='word_1_192' title='bbox 1163 2729 1278 2769; x_wconf 86' lang='lat' dir='ltr'>errasse</span> <span class='ocrx_word' id='word_1_193' title='bbox 1311 2712 1383 2770; x_wconf 83' lang='lat' dir='ltr'>vidi.</span> 
     </span>
     <span class='ocr_line' id='line_1_23' title="bbox 260 2807 1384 2890; baseline -0.004 -16"><span class='ocrx_word' id='word_1_194' title='bbox 260 2816 345 2874; x_wconf 83' lang='lat' dir='ltr'>Illius</span> <span class='ocrx_word' id='word_1_195' title='bbox 373 2813 470 2872; x_wconf 89' lang='lat' dir='ltr'>media</span> <span class='ocrx_word' id='word_1_196' title='bbox 499 2832 568 2890; x_wconf 88' lang='lat' dir='ltr'>pars</span> <span class='ocrx_word' id='word_1_197' title='bbox 597 2807 812 2884; x_wconf 76' lang='lat'>(463—1190)</span> <span class='ocrx_word' id='word_1_198' title='bbox 841 2811 952 2888; x_wconf 81' lang='lat' dir='ltr'>largius</span> <span class='ocrx_word' id='word_1_199' title='bbox 982 2819 1012 2869; x_wconf 87' lang='lat' dir='ltr'>et</span> <span class='ocrx_word' id='word_1_200' title='bbox 1039 2813 1218 2886; x_wconf 81' lang='lat' dir='ltr'>elegantius,</span> <span class='ocrx_word' id='word_1_201' title='bbox 1253 2819 1384 2872; x_wconf 88' lang='lat' dir='ltr'>extrema</span> 
     </span>
     <span class='ocr_line' id='line_1_24' title="bbox 262 2907 1382 2994; baseline -0.004 -18"><span class='ocrx_word' id='word_1_202' title='bbox 262 2917 418 2977; x_wconf 86' lang='lat' dir='ltr'>admodum</span> <span class='ocrx_word' id='word_1_203' title='bbox 452 2935 553 2994; x_wconf 86' lang='lat' dir='ltr'>presse</span> <span class='ocrx_word' id='word_1_204' title='bbox 587 2917 699 2991; x_wconf 87' lang='lat' dir='ltr'>scripta</span> <span class='ocrx_word' id='word_1_205' title='bbox 732 2919 793 2986; x_wconf 81' lang='lat' dir='ltr'>eet3</span> <span class='ocrx_word' id='word_1_206' title='bbox 828 2915 857 2972; x_wconf 91' lang='lat' dir='ltr'>in</span> <span class='ocrx_word' id='word_1_207' title='bbox 885 2913 939 2971; x_wconf 91' lang='lat' dir='ltr'>boc</span> <span class='ocrx_word' id='word_1_208' title='bbox 968 2907 1018 2990; x_wconf 86' lang='lat' dir='ltr'>(G)</span> <span class='ocrx_word' id='word_1_209' title='bbox 1053 2919 1082 2972; x_wconf 88' lang='lat' dir='ltr'>et</span> <span class='ocrx_word' id='word_1_210' title='bbox 1114 2935 1267 2974; x_wconf 86' lang='lat' dir='ltr'>scenarum</span> <span class='ocrx_word' id='word_1_211' title='bbox 1301 2917 1382 2974; x_wconf 85' lang='lat' dir='ltr'>tituli</span> 
     </span>
     <span class='ocr_line' id='line_1_25' title="bbox 262 3018 1382 3095; baseline -0.003 -16"><span class='ocrx_word' id='word_1_212' title='bbox 262 3041 363 3079; x_wconf 88' lang='lat' dir='ltr'>omnes</span> <span class='ocrx_word' id='word_1_213' title='bbox 387 3019 495 3078; x_wconf 81' lang='lat' dir='ltr'>desunt</span> <span class='ocrx_word' id='word_1_214' title='bbox 516 3025 546 3076; x_wconf 89' lang='lat' dir='ltr'>et</span> <span class='ocrx_word' id='word_1_215' title='bbox 567 3019 670 3095; x_wconf 75' lang='lat' dir='ltr'>primas</span> <span class='ocrx_word' id='word_1_216' title='bbox 693 3035 844 3074; x_wconf 85' lang='lat' dir='ltr'>scenarum</span> <span class='ocrx_word' id='word_1_217' title='bbox 863 3018 980 3089; x_wconf 80' lang='lat' dir='ltr'>litterae,</span> <span class='ocrx_word' id='word_1_218' title='bbox 1004 3037 1057 3075; x_wconf 86' lang='lat' dir='ltr'>nec</span> <span class='ocrx_word' id='word_1_219' title='bbox 1078 3019 1176 3094; x_wconf 82' lang='lat' dir='ltr'>spatia</span> <span class='ocrx_word' id='word_1_220' title='bbox 1198 3019 1256 3076; x_wconf 90' lang='lat' dir='ltr'>sibi</span> <span class='ocrx_word' id='word_1_221' title='bbox 1279 3019 1382 3077; x_wconf 86' lang='lat' dir='ltr'>relicta</span> 
     </span>
     <span class='ocr_line' id='line_1_26' title="bbox 262 3122 1382 3200; baseline -0.002 -20"><span class='ocrx_word' id='word_1_222' title='bbox 262 3123 395 3200; x_wconf 84' lang='lat' dir='ltr'>explevit</span> <span class='ocrx_word' id='word_1_223' title='bbox 427 3122 608 3194; x_wconf 75' lang='lat' dir='ltr'>rubricator3</span> <span class='ocrx_word' id='word_1_224' title='bbox 641 3126 704 3178; x_wconf 88' lang='lat' dir='ltr'>tum</span> <span class='ocrx_word' id='word_1_225' title='bbox 738 3139 931 3196; x_wconf 84' lang='lat' dir='ltr'>personarum</span> <span class='ocrx_word' id='word_1_226' title='bbox 964 3126 1041 3192; x_wconf 82' lang='lat' dir='ltr'>notae</span> <span class='ocrx_word' id='word_1_227' title='bbox 1071 3127 1138 3178; x_wconf 81' lang='lat' dir='ltr'>aute</span> <span class='ocrx_word' id='word_1_228' title='bbox 1168 3139 1195 3180; x_wconf 86' lang='lat' dir='ltr'>v.</span> <span class='ocrx_word' id='word_1_229' title='bbox 1226 3123 1287 3180; x_wconf 87' lang='grc'>960</span> <span class='ocrx_word' id='word_1_230' title='bbox 1321 3123 1382 3179; x_wconf 85' lang='lat' dir='ltr'>fere</span> 
     </span>
     <span class='ocr_line' id='line_1_27' title="bbox 261 3221 1381 3298; baseline -0.002 -15"><span class='ocrx_word' id='word_1_231' title='bbox 261 3226 349 3284; x_wconf 80' lang='lat' dir='ltr'>nullae</span> <span class='ocrx_word' id='word_1_232' title='bbox 372 3225 525 3298; x_wconf 81' lang='lat' dir='ltr'>leguntur,</span> <span class='ocrx_word' id='word_1_233' title='bbox 562 3224 599 3282; x_wconf 86' lang='lat' dir='ltr'>ab</span> <span class='ocrx_word' id='word_1_234' title='bbox 628 3223 683 3282; x_wconf 87' lang='lat' dir='ltr'>hoc</span> <span class='ocrx_word' id='word_1_235' title='bbox 709 3221 778 3280; x_wconf 93' lang='lat' dir='ltr'>inde</span> <span class='ocrx_word' id='word_1_236' title='bbox 806 3241 893 3279; x_wconf 88' lang='lat' dir='ltr'>versu</span> <span class='ocrx_word' id='word_1_237' title='bbox 920 3239 1055 3298; x_wconf 82' lang='lat' dir='ltr'>personae</span> <span class='ocrx_word' id='word_1_238' title='bbox 1085 3223 1252 3282; x_wconf 86' lang='lat' dir='ltr'>initialibus</span> <span class='ocrx_word' id='word_1_239' title='bbox 1275 3225 1381 3282; x_wconf 85' lang='lat' dir='ltr'>litteris</span> 
     </span>
     <span class='ocr_line' id='line_1_28' title="bbox 262 3301 1379 3403; baseline -0.004 -17"><span class='ocrx_word' id='word_1_240' title='bbox 262 3301 475 3402; x_wconf 77' lang='lat' dir='ltr'>significantur,</span> <span class='ocrx_word' id='word_1_241' title='bbox 500 3325 552 3383; x_wconf 93' lang='lat' dir='ltr'>sed</span> <span class='ocrx_word' id='word_1_242' title='bbox 574 3327 618 3384; x_wconf 87' lang='lat' dir='ltr'>ita</span> <span class='ocrx_word' id='word_1_243' title='bbox 639 3331 673 3382; x_wconf 86' lang='lat' dir='ltr'>ut</span> <span class='ocrx_word' id='word_1_244' title='bbox 695 3343 836 3402; x_wconf 72' lang='lat' dir='ltr'>persepe,</span> <span class='ocrx_word' id='word_1_245' title='bbox 862 3323 988 3382; x_wconf 85' lang='lat' dir='ltr'>maxime</span> <span class='ocrx_word' id='word_1_246' title='bbox 1011 3327 1040 3381; x_wconf 93' lang='lat' dir='ltr'>in</span> <span class='ocrx_word' id='word_1_247' title='bbox 1065 3343 1202 3384; x_wconf 85' lang='lat' dir='ltr'>veranum</span> <span class='ocrx_word' id='word_1_248' title='bbox 1219 3327 1379 3403; x_wconf 86' lang='lat' dir='ltr'>principiis,</span> 
     </span>
     <span class='ocr_line' id='line_1_29' title="bbox 263 3425 1379 3505; baseline -0.004 -17"><span class='ocrx_word' id='word_1_249' title='bbox 263 3433 448 3489; x_wconf 82' lang='lat' dir='ltr'>omittantur.</span> <span class='ocrx_word' id='word_1_250' title='bbox 482 3459 524 3467; x_wconf 87' lang='lat'>—</span> <span class='ocrx_word' id='word_1_251' title='bbox 556 3428 661 3486; x_wconf 87' lang='lat' dir='ltr'>Partes</span> <span class='ocrx_word' id='word_1_252' title='bbox 694 3427 837 3504; x_wconf 87' lang='lat' dir='ltr'>quasdam</span> <span class='ocrx_word' id='word_1_253' title='bbox 871 3425 978 3484; x_wconf 79' lang='lat' dir='ltr'>fabulae</span> <span class='ocrx_word' id='word_1_254' title='bbox 1011 3425 1190 3486; x_wconf 84' lang='lat' dir='ltr'>Bitscheliua</span> <span class='ocrx_word' id='word_1_255' title='bbox 1224 3431 1379 3505; x_wconf 86' lang='lat' dir='ltr'>separatim</span> 
     </span>
     <span class='ocr_line' id='line_1_30' title="bbox 263 3531 1378 3608; baseline -0.004 -15"><span class='ocrx_word' id='word_1_256' title='bbox 263 3534 357 3593; x_wconf 89' lang='lat' dir='ltr'>edidit</span> <span class='ocrx_word' id='word_1_257' title='bbox 379 3553 443 3591; x_wconf 90' lang='lat' dir='ltr'>oum</span> <span class='ocrx_word' id='word_1_258' title='bbox 468 3537 614 3608; x_wconf 85' lang='lat' dir='ltr'>apparatu</span> <span class='ocrx_word' id='word_1_259' title='bbox 637 3532 754 3602; x_wconf 88' lang='lat' dir='ltr'>critico,</span> <span class='ocrx_word' id='word_1_260' title='bbox 788 3534 934 3588; x_wconf 84' lang='lat' dir='ltr'>canticum</span> <span class='ocrx_word' id='word_1_261' title='bbox 958 3531 1125 3589; x_wconf 76' lang='lat' dir='ltr'>alo-258</span> <span class='ocrx_word' id='word_1_262' title='bbox 1153 3533 1183 3588; x_wconf 93' lang='lat' dir='ltr'>in</span> <span class='ocrx_word' id='word_1_263' title='bbox 1207 3531 1269 3589; x_wconf 91' lang='lat' dir='ltr'>ind.</span> <span class='ocrx_word' id='word_1_264' title='bbox 1293 3531 1378 3589; x_wconf 88' lang='lat' dir='ltr'>schol.</span> 
     </span>
     <span class='ocr_line' id='line_1_31' title="bbox 263 3632 1380 3710; baseline -0.006 -13"><span class='ocrx_word' id='word_1_265' title='bbox 263 3638 357 3697; x_wconf 92' lang='lat' dir='ltr'>Bonn.</span> <span class='ocrx_word' id='word_1_266' title='bbox 396 3638 577 3706; x_wconf 83' lang='lat'>1858-59,</span> <span class='ocrx_word' id='word_1_267' title='bbox 612 3654 676 3692; x_wconf 90' lang='lat' dir='ltr'>eam</span> <span class='ocrx_word' id='word_1_268' title='bbox 710 3653 843 3704; x_wconf 87' lang='lat' dir='ltr'>scenam,</span> <span class='ocrx_word' id='word_1_269' title='bbox 877 3651 943 3708; x_wconf 83' lang='lat' dir='ltr'>quse</span> <span class='ocrx_word' id='word_1_270' title='bbox 975 3633 1064 3710; x_wconf 84' lang='lat' dir='ltr'>vulgo</span> <span class='ocrx_word' id='word_1_271' title='bbox 1094 3639 1180 3710; x_wconf 22' lang='lat' dir='ltr'>,actus</span> <span class='ocrx_word' id='word_1_272' title='bbox 1212 3632 1242 3690; x_wconf 90' lang='lat'>11</span> <span class='ocrx_word' id='word_1_273' title='bbox 1276 3633 1380 3692; x_wconf 88' lang='lat' dir='ltr'>dicitur</span> 
     </span>
    </p>
   </div>
   <div class='ocr_carea' id='block_1_3' title="bbox 264 3735 783 3816">
    <p class='ocr_par' dir='ltr' id='par_1_4' title="bbox 264 3735 783 3816">
     <span class='ocr_line' id='line_1_32' title="bbox 264 3735 783 3816; baseline -0.01 -18"><span class='ocrx_word' id='word_1_274' title='bbox 264 3735 470 3816; x_wconf 68' lang='lat' dir='ltr'>(oar-502),</span> <span class='ocrx_word' id='word_1_275' title='bbox 492 3737 553 3796; x_wconf 84' lang='lat' dir='ltr'>ind.</span> <span class='ocrx_word' id='word_1_276' title='bbox 576 3737 665 3803; x_wconf 89' lang='lat' dir='ltr'>schol.</span> <span class='ocrx_word' id='word_1_277' title='bbox 693 3737 783 3794; x_wconf 82' lang='lat'>1864.</span> 
     </span>
    </p>
   </div>
   <div class='ocr_carea' id='block_1_4' title="bbox 721 3903 925 3912">
    <p class='ocr_par' dir='ltr' id='par_1_5' title="bbox 721 3903 925 3912">
     <span class='ocr_line' id='line_1_33' title="bbox 721 3903 925 3912; baseline 0.005 -2"><span class='ocrx_word' id='word_1_278' title='bbox 721 3903 925 3912; x_wconf 74' lang='lat'><strong>-————-</strong></span> 
     </span>
    </p>
   </div>
   <div class='ocr_carea' id='block_1_5' title="bbox 674 4027 954 4096">
    <p class='ocr_par' dir='ltr' id='par_1_6' title="bbox 674 4027 954 4096">
     <span class='ocr_line' id='line_1_34' title="bbox 674 4027 954 4096; baseline -0.007 -14"><span class='ocrx_word' id='word_1_279' title='bbox 674 4053 678 4062; x_wconf 85' lang='lat'><em>·</em></span> <span class='ocrx_word' id='word_1_280' title='bbox 697 4027 954 4096; x_wconf 79' lang='lat' dir='ltr'>Argumentum</span> 
     </span>
    </p>
   </div>
   <div class='ocr_carea' id='block_1_6' title="bbox 265 4140 1481 4427">
    <p class='ocr_par' dir='ltr' id='par_1_7' title="bbox 265 4109 1481 4427">
     <span class='ocr_line' id='line_1_35' title="bbox 265 4140 1381 4225; baseline -0.004 -15"><span class='ocrx_word' id='word_1_281' title='bbox 265 4149 459 4210; x_wconf 87' lang='lat' dir='ltr'>acrostichon.</span> <span class='ocrx_word' id='word_1_282' title='bbox 481 4151 555 4205; x_wconf 82' lang='lat'>-1</span> <span class='ocrx_word' id='word_1_283' title='bbox 581 4169 617 4206; x_wconf 85' lang='lat' dir='ltr'>ex</span> <span class='ocrx_word' id='word_1_284' title='bbox 639 4147 753 4225; x_wconf 77' lang='lat' dir='ltr'>prolog.</span> <span class='ocrx_word' id='word_1_285' title='bbox 768 4169 794 4205; x_wconf 91' lang='lat' dir='ltr'>v.</span> <span class='ocrx_word' id='word_1_286' title='bbox 808 4150 858 4206; x_wconf 82' lang='lat'>66.</span> <span class='ocrx_word' id='word_1_287' title='bbox 877 4175 919 4187; x_wconf 88' lang='lat'><em>-</em></span> <span class='ocrx_word' id='word_1_288' title='bbox 937 4150 964 4206; x_wconf 81' lang='lat'>2.</span> <span class='ocrx_word' id='word_1_289' title='bbox 992 4141 1071 4207; x_wconf 77' lang='lat' dir='ltr'>Osor</span> <span class='ocrx_word' id='word_1_290' title='bbox 1092 4140 1259 4205; x_wconf 66' lang='lat' dir='ltr'>mediorum</span> <span class='ocrx_word' id='word_1_291' title='bbox 1281 4165 1317 4204; x_wconf 87' lang='lat' dir='ltr'>ex</span> <span class='ocrx_word' id='word_1_292' title='bbox 1336 4151 1381 4205; x_wconf 86' lang='grc'>74.</span> 
     </span>
     <span class='ocr_line' id='line_1_36' title="bbox 265 4241 1481 4326; baseline -0.004 -15"><span class='ocrx_word' id='word_1_293' title='bbox 265 4251 419 4312; x_wconf 74' lang='lat' dir='ltr'>Posthac</span> <span class='ocrx_word' id='word_1_294' title='bbox 441 4249 542 4308; x_wconf 86' lang='lat' dir='ltr'>hiatur</span> <span class='ocrx_word' id='word_1_295' title='bbox 564 4251 594 4308; x_wconf 90' lang='lat' dir='ltr'>in</span> <span class='ocrx_word' id='word_1_296' title='bbox 617 4269 729 4309; x_wconf 73' lang='lat' dir='ltr'>casura</span> <span class='ocrx_word' id='word_1_297' title='bbox 751 4255 785 4308; x_wconf 92' lang='lat' dir='ltr'>ut</span> <span class='ocrx_word' id='word_1_298' title='bbox 812 4251 842 4307; x_wconf 93' lang='lat' dir='ltr'>in</span> <span class='ocrx_word' id='word_1_299' title='bbox 866 4251 1000 4326; x_wconf 86' lang='lat' dir='ltr'>proximo</span> <span class='ocrx_word' id='word_1_300' title='bbox 1025 4267 1051 4307; x_wconf 83' lang='lat' dir='ltr'>v.</span> <span class='ocrx_word' id='word_1_301' title='bbox 1075 4253 1144 4326; x_wconf 84' lang='lat' dir='ltr'>poet</span> <span class='ocrx_word' id='word_1_302' title='bbox 1164 4241 1314 4306; x_wconf 71' lang='lat' dir='ltr'>headan</span> <span class='ocrx_word' id='word_1_303' title='bbox 1344 4278 1381 4288; x_wconf 86' lang='lat'>—</span> <span class='ocrx_word' id='word_1_304' title='bbox 1480 4241 1481 4290; x_wconf 42' lang='grc' dir='ltr'><em>Ὗ</em></span> 
     </span>
     <span class='ocr_line' id='line_1_37' title="bbox 265 4347 1379 4427; baseline -0.003 -16"><span class='ocrx_word' id='word_1_305' title='bbox 265 4356 294 4412; x_wconf 85' lang='grc'>4.</span> <span class='ocrx_word' id='word_1_306' title='bbox 319 4347 481 4412; x_wconf 65' lang='lat' dir='ltr'>Mercawff</span> <span class='ocrx_word' id='word_1_307' title='bbox 503 4351 570 4409; x_wconf 89' lang='lat' dir='ltr'>add.</span> <span class='ocrx_word' id='word_1_308' title='bbox 593 4379 635 4390; x_wconf 87' lang='lat'>-</span> <span class='ocrx_word' id='word_1_309' title='bbox 659 4355 686 4410; x_wconf 83' lang='lat'>5.</span> <span class='ocrx_word' id='word_1_310' title='bbox 710 4347 826 4412; x_wconf 76' lang='lat' dir='ltr'>uilicus</span> <span class='ocrx_word' id='word_1_311' title='bbox 847 4350 1016 4410; x_wconf 87' lang='lat' dir='ltr'>scribebant</span> <span class='ocrx_word' id='word_1_312' title='bbox 1039 4351 1166 4427; x_wconf 84' lang='lat' dir='ltr'>antiqui,</span> <span class='ocrx_word' id='word_1_313' title='bbox 1195 4355 1230 4406; x_wconf 89' lang='lat' dir='ltr'>ut</span> <span class='ocrx_word' id='word_1_314' title='bbox 1253 4347 1379 4425; x_wconf 85' lang='lat' dir='ltr'>„milie“,</span> 
     </span>
    </p>
   </div>
   <div class='ocr_carea' id='block_1_7' title="bbox 0 0 1496 5012">
    <p class='ocr_par' dir='ltr' id='par_1_8' title="bbox 0 0 1496 5012">
     <span class='ocr_line' id='line_1_38' title="bbox 0 0 1496 5012; baseline 0 0"><span class='ocrx_word' id='word_1_315' title='bbox 0 0 1496 5012; x_wconf 95' lang='lat' dir='ltr'> </span> 
     </span>
    </p>
   </div>
  </div>
 </body>
</html>
