2982 5020
260 421 321 482 310
740 415 888 470 Poenulus.

259 609 357 670 hema.
382 639 420 650 -·
447 611 516 668 322.
550 605 669 673 mulsa.
699 612 735 669 cl.
759 611 834 670 Rud.
860 613 936 670 364:
974 617 1025 685 „nt
1048 611 1142 669 mulsa
1166 611 1241 668 dicta
1265 609 1389 667 diuisi·

259 741 300 752 -·
332 707 401 772 nisi
422 731 459 771 ne
480 711 616 772 ultimam
637 714 796 790 producet,
827 713 910 772 Muli.
934 713 1057 772 Nachtr.
1080 733 1109 790 p.
1136 715 1168 772 6:
1207 713 1275 788 ,Nil
1304 713 1393 768 enim

260 810 347 874 nisi“.
378 843 414 854 -
445 813 553 874 Servus
580 817 683 874 herum
714 817 840 876 irridens
869 818 980 874 ironice
1008 817 1034 873 ci
1065 819 1234 874 assentatur
1255 813 1398 872 bellaris

260 917 384 976 efferans
407 917 543 978 secundis
566 920 673 978 mensis
695 918 924 978 accommodate.
968 911 1128 977 Latorouli
1146 919 1297 995 placentas
1320 923 1399 973 sunt
1476 899 1478 956 l

260 1023 289 1080 iu
312 1021 436 1080 laterum
455 1021 578 1082 formam
597 1021 677 1094 facti,
702 1021 782 1099 apud
798 1021 936 1081 Catonem
955 1021 989 1080 R.
1010 1021 1045 1080 R.
1069 1023 1127 1080 109
1147 1041 1183 1080 ex
1199 1021 1299 1080 sarim
1327 1019 1397 1076 ervi

261 1143 325 1182 cnm
355 1124 425 1184 vino
452 1129 482 1182 et
503 1143 591 1202 sapa,
624 1126 660 1182 cf.
685 1125 774 1202 Apul.
798 1123 869 1184 Met
892 1123 930 1195 X,
957 1125 1009 1184 1³:
1046 1123 1139 1198 „Nam
1168 1143 1292 1200 uespera
1319 1129 1396 1199 post

260 1228 400 1304 opiparas
427 1247 513 1286 cenas
544 1246 701 1304 earumque
729 1226 984 1304 splendidissimos
1013 1232 1174 1304 apparatus
1196 1229 1307 1284 multus
1336 1245 1397 1282 nu-

260 1349 342 1388 mero
371 1335 471 1406 partes
501 1332 531 1390 ln
558 1330 693 1388 cellulam
721 1349 805 1388 snam
833 1331 890 1388 mei
918 1329 1054 1388 solebant
1076 1335 1232 1406 reportare
1253 1329 1394 1386 domini:

260 1433 384 1508 piscium
408 1438 439 1490 st
455 1433 598 1510 cuiusque
617 1431 696 1490 modi
718 1432 937 1510 pulmentorum
959 1431 1138 1508 largissimas
1161 1431 1312 1508 reliquias,
1341 1429 1396 1488 hic

260 1554 361 1612 panes,
385 1535 529 1606 crustula,
553 1535 736 1608 lucunculos,
760 1535 877 1608 hamos,
899 1534 1058 1593 laterculos
1080 1527 1131 1609 (al.
1155 1553 1259 1610 parurn
1281 1538 1393 1592 recte:

260 1631 432 1714 lacertulos)
467 1644 497 1697 st
529 1639 617 1716 plura
648 1639 823 1696 scitamenta
850 1633 994 1696 mallita“.
1030 1667 1071 1676 —-
1112 1639 1183 1696 323.
1219 1629 1393 1696 Sesamum

261 1734 309 1816 (ut
337 1739 407 1798 clIm
437 1745 516 1800 racte
546 1760 617 1812 cm,
652 1743 786 1817 quamvis
817 1741 904 1799 etiam
927 1741 953 1797 A
980 1739 1160 1812 „sesumam“
1186 1737 1331 1816 prrsbsat)
1358 1747 1391 1797 et

253 1856 399 1918 papauer
425 1863 485 1902 non
513 1843 608 1902 solum
636 1843 716 1922 apud
738 1841 867 1902 Plinium
890 1841 927 1901 H.
950 1842 984 1902 N.
1008 1841 1116 1916 XVIII,
1146 1845 1183 1901 53
1208 1845 1388 1920 iunguntur,

260 1943 424 2004 sedetiam
453 1946 531 2022 apud
553 1945 725 2005 Petronium
750 1947 764 2004 l
789 1947 846 2003 sic:
884 1945 1031 2019 „mellitos
1060 1945 1218 2004 verborum
1245 1946 1389 2023 globulos

261 2053 290 2108 et
323 2049 422 2106 omnia
455 2049 534 2108 dicta
567 2050 704 2126 factaque
737 2049 822 2126 quasi
855 2067 1003 2125 papavere
1036 2053 1066 2106 ct
1099 2068 1214 2108 sesamo
1245 2045 1385 2138 sparsa(

260 2150 306 2210 De
328 2151 490 2210 masculina
513 2153 592 2212 vocis
620 2152 715 2210 forma
740 2171 767 2210 v.
792 2149 903 2210 Charis.
928 2150 950 2224 I,
979 2155 1015 2210 15
1039 2171 1066 2227 p.
1092 2153 1141 2209 64.
1177 2152 1272 2210 Plaut.
1296 2153 1384 2210 Trin.

261 2255 333 2313 410.
379 2247 496 2313 Tritico
513 2253 625 2312 nullum
644 2254 781 2312 frumenti
801 2270 893 2328 genua
912 2255 1063 2312 venustius
1081 2259 1141 2327 est;
1163 2246 1276 2328 frictae
1286 2269 1386 2313 eruces

261 2361 405 2416 castaneta
434 2361 516 2428 sunt,
546 2357 582 2416 oi.
606 2355 678 2414 Plin.
703 2355 741 2414 H.
764 2355 800 2416 N.
823 2355 886 2428 XV,
916 2357 964 2414 99,
1000 2385 1041 2396 --
1076 2359 1147 2415 324.
1181 2351 1304 2434 Εεᾳαέἀ
1324 2379 1385 2434 pro

263 2453 370 2534 „num“
384 2459 473 2518 herus
490 2459 600 2537 posuit,
623 2477 726 2517 seruus
744 2479 800 2536 pro
818 2459 933 2518 obiecto
956 2461 1054 2531 sumit,
1078 2478 1204 2535 eumque
1226 2461 1384 2535 respondit

262 2561 400 2620 damnum
418 2581 518 2625 amare
536 2561 714 2620 aldarcuric
737 2561 955 2634 abhorrentem,
979 2564 1030 2639 qui
1047 2563 1122 2620 lucri
1141 2562 1214 2620 deus
1232 2569 1286 2620 est.
1320 2561 1383 2620 Sed

260 2670 322 2724 tam
352 2665 446 2742 inepti
479 2665 550 2723 mihi
579 2663 719 2723 ridentur
746 2663 795 2722 hic
817 2669 847 2722 et
869 2667 1022 2741 proximus
1045 2684 1163 2736 versus,
1197 2669 1231 2722 ut
1253 2683 1303 2722 cos
1323 2685 1382 2741 pro

261 2768 369 2846 spuriis
387 2767 518 2840 habeam,
542 2767 707 2842 prasertim
725 2786 815 2844 quum
832 2767 955 2826 alterius
972 2771 1086 2826 numeri
1104 2769 1181 2825 male
1198 2767 1380 2838 claudicent3

258 2870 348 2929 Both.
365 2869 456 2942 „Nam
476 2869 596 2947 quidem
614 2865 741 2948 edepol“
763 2871 891 2947 scripsit,
915 2867 1009 2947 Gepp.
1026 2868 1119 2944 „Nam
1139 2871 1245 2948 edepol
1264 2872 1379 2929 lucrum

260 2969 408 3049 quidcm“.
450 2955 570 3048 Mulier.
599 2994 627 3051 p.
660 2973 719 3031 709
749 2977 810 3030 not.
843 2967 1029 3044 ,lucellum“.
1077 2967 1222 3050 Namque
1252 2973 1379 3052 probum

259 3080 313 3146 est,
337 3095 364 3134 u.
388 3073 627 3152 catapanus.

347 3178 512 3238 326-407
544 3176 667 3236 Giitziue
696 3178 761 3236 Act.
785 3177 866 3253 Lips.
895 3175 935 3234 Vl
962 3198 991 3255 p.
1022 3179 1081 3236 986
1110 3179 1228 3254 spurios
1258 3178 1379 3244 habuit;

258 3280 332 3338 mitri
354 3301 412 3340 non
435 3279 574 3340 videntur
597 3278 699 3339 abesse
721 3298 817 3356 posse.
837 3309 879 3319 -
903 3281 972 3338 326.
997 3279 1070 3339 Post
1089 3295 1240 3357 germana
1263 3281 1379 3352 hiatur;

260 3383 343 3442 Miill.
365 3381 446 3458 „uti“
467 3385 572 3442 voluit.
590 3413 632 3424 -
651 3385 722 3443 327.
745 3383 842 3457 Vulgo
866 3383 931 3442 add.
952 3401 1094 3460 personas
1117 3386 1159 3442 sic
1182 3383 1377 3442 distribuunt:

263 3485 344 3561 ,Aa
378 3483 459 3546 Eunt
480 3487 545 3546 hae.
580 3485 655 3558 Quid
678 3487 702 3543 si
726 3483 884 3544 adeamus?
917 3483 973 3542 Ml.
996 3485 1104 3545 Adeas.
1140 3483 1239 3560 AG.“;
1268 3488 1320 3546 sed
1342 3487 1378 3544 ad

264 3585 439 3663 „adeamus“
463 3609 568 3668 parum
592 3594 671 3648 recte
694 3588 888 3666 respondetur
909 3583 1060 3663 „Adeas“;
1084 3609 1175 3666 quare
1197 3590 1327 3649 Ritterh.
1349 3597 1378 3649 et

261 3691 356 3770 Gepp.
402 3688 551 3752 adeuntes
573 3688 616 3751 ad
637 3706 704 3764 eas,
734 3695 831 3749 totum
855 3710 970 3750 uersum
993 3693 1183 3768 Agorastocli
1206 3693 1377 3751 tribuentes.

261 3794 320 3854 Sed
353 3797 384 3852 in
417 3794 502 3856 codd.
534 3801 613 3854 recta
642 3813 835 3872 personarum
866 3795 964 3872 spatia
997 3799 1065 3852 ante
1098 3791 1212 3867 „Quid“
1250 3801 1280 3853 et
1313 3801 1377 3852 ante

263 3893 430 3974 „Primum“
456 3895 632 3957 indicantur.
649 3927 691 3937 -
714 3896 922 3971 Agorastocles
939 3896 1053 3972 puellas
1070 3898 1185 3956 salvere
1205 3898 1306 3972 iubet‚'
1319 3899 1375 3974 pri·

261 4021 341 4060 mum
352 3999 579 4078 Adelphasium
602 4001 697 4058 sorori
719 4000 878 4060 secundum
897 4001 993 4058 locum
1012 3999 1232 4076 secundumque
1251 4001 1375 4077 pretinm

261 4091 365 4177 habet3
389 4105 518 4177 tertiam,
537 4104 683 4177 ancillam,
701 4107 744 4164 ita
761 4103 882 4175 salutat,
900 4107 934 4161 ut
950 4101 1063 4161 nullum
1081 4103 1201 4162 omnino
1212 4103 1238 4160 ci
1251 4105 1375 4179 pretinm

261 4209 384 4266 tribuat.
424 4203 459 4265 in
469 4201 585 4282 pretim
605 4227 632 4266 v.
651 4207 689 4266 ad
707 4208 790 4266 Asia.
810 4207 858 4265 60.
872 4235 914 4245 —
927 4207 997 4265 329.
1023 4199 1102 4264 Tum
1112 4199 1172 4282 pol
1189 4210 1244 4264 cet.
1258 4205 1373 4263 Ancillae

261 4309 323 4369 haec
343 4311 434 4370 verba
455 4329 519 4368 esse
538 4309 663 4369 Platoris
682 4313 712 4367 et
732 4307 884 4368 Acidalius
908 4307 1127 4368 intellexerunt.
1175 4307 1205 4367 et
1228 4301 1374 4367 oleumei
