2960 5000
598 487 744 542 Poenulus.

578 675 750 757 Milphio
809 669 813 677 ’

454 787 588 852 Faciam
610 791 648 849 ut
669 784 756 849 lacto
780 783 933 866 gaudeas.

82 895 185 960 Inest
212 898 339 962 amoris
363 895 492 962 macula
513 895 590 960 huic
612 893 737 958 homiui
759 894 791 956 in
816 897 958 975 pectore,

83 1003 170 1068 Sine
198 1005 324 1069 damno
346 1023 465 1085 magno
488 1023 574 1088 quae
597 1002 662 1066 elui
684 1003 877 1085 neutiquam
899 1005 1017 1085 potest.

83 1111 218 1196 ltaque
244 1113 296 1178 hic
319 1112 478 1178 scelestus
501 1109 670 1176 esthemo
694 1111 768 1174 leno
792 1110 907 1192 Lycus,
1178 1126 1230 1178 ¹ooo

86 1219 180 1298 Quoi
207 1223 277 1287 iam
299 1221 458 1287 infortuni
481 1221 609 1284 intenta
631 1219 765 1283 ballista
787 1225 838 1283 est
861 1218 971 1302 probe,

88 1326 211 1405 Quam
236 1349 296 1412 ego
319 1328 407 1394 haud
429 1327 532 1393 multo
555 1335 632 1411 post
653 1329 783 1392 mittam
807 1348 824 1391 e
848 1326 1040 1393 ballistario.

90 1435 163 1502 Sed
190 1436 428 1522 Adelphasium
452 1437 520 1501 exit
543 1455 654 1501 eccam
678 1443 778 1518 atque
803 1435 1020 1501 Anterastilis.

87 1543 194 1610 Haec
219 1551 271 1610 est
291 1547 390 1628 prior,
413 1565 497 1626 quae
519 1565 627 1609 meum
651 1563 742 1608 erum
765 1543 948 1608 dementem
970 1543 1059 1609 iacit.

90 1651 162 1718 Sed
191 1654 351 1719 eu'ooabo.
396 1652 495 1732 Heus,
519 1654 530 1716 i
553 1651 652 1728 foras,
678 1651 914 1732 Agorastocles,
1178 1663 1229 1720 205

91 1760 129 1826 Si
154 1763 212 1828 uis
237 1762 349 1829 uidere
371 1761 468 1826 ludos
491 1759 767 1826 iucundissumos.

520 1879 814 1963 Aporostocles
847 1891 851 1898 '
881 1955 884 1962 Ι

94 1989 191 2067 Quid
215 1992 302 2056 istuc
323 1990 455 2056 tumulti
479 1993 538 2069 est,
562 1987 721 2072 Milphio?

582 2107 757 2188 Milphio

698 2305 703 2310 Ι
764 2215 833 2288 Em,
858 2235 984 2280 amores
1006 2222 1081 2281 tuos

99 2327 136 2392 Si
162 2331 218 2393 uis
242 2337 400 2412 spectare.

524 2431 814 2515 Aporoetocles

439 2540 465 2607 Ο
491 2542 594 2606 multa
617 2541 679 2604 tibi
703 2539 735 2603 di
759 2539 838 2604 dent
859 2539 954 2616 bona,

104 2650 213 2730 Quom
238 2653 300 2718 hoc
322 2651 401 2716 mihi
425 2649 575 2715 obtulisti
597 2657 663 2714 tem
687 2647 833 2732 lepidum
856 2647 1089 2732 spectaculum.

168 2979 477 3047 ADELPHASIUM
500 2977 809 3044 ANTERASTILIS
832 2973 1106 3042 MERETRIOES
1130 2975 1172 3040 Il.

136 3101 317 3168 MILPHIO
341 3098 513 3166 SERUOS.
559 3096 893 3163 AGORASTOCLES
917 3095 1202 3163 ADULESCENS.

573 3215 766 3282 ANCILLA.

522 3428 816 3510 Adelphasium

106 3537 226 3622 Negoti
250 3537 313 3603 sibi
337 3537 393 3620 qui
416 3537 506 3602 uolet
528 3538 595 3602 uim
618 3557 745 3621 parare,

106 3647 233 3712 Nauem
257 3651 291 3711 et
313 3645 492 3724 mulierem,
514 3644 597 3710 haec
620 3645 685 3710 duo
709 3650 900 3726 conparato,

106 3755 191 3820 Nam
213 3755 325 3820 nullae
347 3755 452 3836 magis
474 3774 527 3818 res
551 3753 635 3818 duae
658 3753 733 3836 plus
757 3753 869 3835 negoti

106 3863 249 3944 Habent,
271 3861 357 3928 forte
381 3864 409 3927 si
433 3863 600 3944 occeperis
624 3881 791 3926 exornare.

108 3969 236 4055 [Neque
259 3991 415 4054 umquam
439 3971 519 4035 satis
542 3969 605 4034 hae
628 3969 711 4033 duae
734 3989 787 4033 res
811 3963 995 4048 ornantur‚]

177 4193 226 4245 199
245 4209 299 4260 que
374 4193 424 4245 203
443 4207 520 4245 eccm
540 4191 598 4242 exit
616 4189 649 4256 Β,
670 4205 764 4243 eccam
784 4189 841 4243 exit
860 4187 883 4243 0
954 4187 1005 4241 2oe
1024 4185 1092 4240 dent
1110 4185 1184 4239 bone
1202 4185 1231 4239 di

107 4279 156 4332 209
173 4283 235 4331 tum
252 4275 281 4330 B
349 4276 419 4332 Post
435 4277 498 4330 209:
518 4273 692 4329 Adelfasium
711 4274 884 4327 anterastilis
901 4271 1018 4342 milplrio
1037 4272 1231 4339 agorastocles

174 4361 341 4416 ariolum
360 4377 410 4417 om.
429 4360 465 4429 Β,
485 4367 571 4418 comm
590 4361 701 4415 titutum
721 4358 744 4413 0
