2978 5004
284 495 346 557 332
709 487 790 544 Miles
809 487 954 558 gloriam.
1070 473 1074 480 ¹

284 705 401 764 quaqua
423 685 590 756 inferciunt,
620 685 656 743 cf.
684 680 773 743 1'18“.
817 681 875 742 aad
897 681 954 741 boc
981 682 1060 740 aliud
1085 689 1144 754 est;
1174 682 1222 741 hic
1244 682 1382 761 proximo

284 789 401 848 demum
425 807 512 846 versu
535 789 572 846 ad
595 787 775 864 singularem
798 805 951 844 numerum
969 786 1092 844 transiri
1109 784 1271 844 ostendunt
1291 783 1384 841 verba

282 883 335 952 Ibi
355 885 485 951 illarum
507 885 620 962 attera,
643 897 678 948 ut
707 895 787 947 recte
809 888 855 946 cd.
879 889 914 946 R.
939 891 1140 948 consentiente
1162 891 1251 946 etiem
1274 887 1314 958 A;
1344 887 1383 944 cf.

282 993 371 1072 Epid.
402 995 472 1052 241.
496 1021 539 1032 -
562 995 611 1052 63.
645 987 742 1069 Erpa,
776 997 810 1049 ut
838 991 963 1050 Achillis
996 987 1119 1050 fratrem
1154 993 1247 1062 decet,
1282 1010 1309 1048 v.
1345 989 1384 1046 ad

282 1096 388 1174 Am'ph.
404 1097 473 1156 172.
492 1125 534 1135 -
551 1098 601 1155 64.
625 1087 773 1165 liberalia,
797 1093 833 1153 ci.
847 1095 918 1153 962.
942 1093 1030 1172 Epid.
1045 1095 1094 1153 44.
1118 1093 1201 1153 Pers.
1217 1095 1285 1152 131.
1312 1093 1384 1150 545.

282 1201 348 1260 Ter.
372 1199 465 1258 Andr.
491 1199 560 1258 123.
584 1198 661 1256 Eun.
685 1199 756 1256 473.
779 1227 822 1238 -
847 1190 1026 1258 Caesaream
1055 1215 1189 1272 magnam
1220 1197 1305 1253 miles
1329 1195 1386 1252 alit

281 1303 430 1362 iactantiae
460 1321 557 1375 causa,
591 1319 650 1378 quo
678 1301 772 1374 magis
800 1305 905 1358 torvus
933 1305 963 1358 et
995 1299 1137 1358 terribilis
1163 1288 1310 1370 videatur,
1345 1297 1385 1356 cf.

281 1405 432 1482 Aristoph.
445 1405 518 1464 Run.
533 1405 609 1462 925:
634 1402 718 1478 ὀφρῦς
736 1403 833 1475 ἔχοντα
850 1403 895 1460 καὶ
911 1404 1020 1476 λόφους,
1042 1403 1105 1459 detr’
1124 1403 1188 1460 drea
1199 1403 1384 1478 μορμορωπά.

281 1509 354 1568 Inde
382 1509 458 1567 banc
486 1525 643 1584 personam
673 1509 826 1562 ἐπίσειστον
849 1507 1048 1584 appellabant,
1077 1525 1103 1563 v.
1127 1503 1203 1564 Poll.
1227 1503 1277 1576 1v,
1306 1505 1384 1562 147:

283 1615 328 1686 Τῷ
354 1611 377 1666 δ’
401 1613 555 1685 ἐπισείστῳ,
586 1610 733 1684 στρατιώτῃ
755 1609 811 1665 ὄντι
832 1609 877 1666 καὶ
899 1609 1007 1675 ἀλαζόνι
1036 1607 1082 1664 καὶ
1102 1609 1148 1676 τὴν
1170 1611 1267 1684 χροίαν
1287 1609 1387 1681 μέλανι

281 1714 326 1771 sai
353 1714 400 1784 τὴν
428 1714 520 1787 κόμην,
548 1715 712 1769 intuamur
739 1712 768 1768 ai
789 1715 884 1787 τρίχες.
913 1709 950 1770 cf.
974 1712 1052 1769 infra
1076 1712 1145 1769 768.
1170 1712 1241 1769 920.
1267 1739 1304 1749 --
1331 1711 1384 1767 65.

280 1809 338 1875 illo
349 1816 384 1874 A.
398 1807 508 1874 cabant
519 1814 585 1872 edd.
598 1843 641 1854 -
654 1815 702 1874 66.
727 1809 836 1874 aibant
846 1813 892 1890 B,
916 1819 945 1871 et
963 1815 1098 1874 Loswius
1121 1815 1151 1871 in
1170 1813 1196 1871 A
1211 1809 1384 1885 ,aiebant“,

281 1919 368 1995 legia
398 1920 566 1995 superiores
592 1911 721 1990 „aibat“‚
750 1917 828 1994 qnod
851 1923 886 1974 ut
908 1919 1095 1976 commendat
1117 1915 1294 1976 antecedens
1320 1915 1386 1987 „al-

280 2017 376 2094 tera“,
404 2021 448 2078 ita
476 2024 561 2078 vetat
589 2019 669 2096 quod
691 2022 841 2096 sequitur:
878 2013 964 2095 Quae
986 2015 1103 2094 ambae,
1132 2023 1162 2078 ia
1185 2039 1244 2096 quo
1267 2017 1385 2076 nullum

281 2125 501 2201 depravationis
518 2123 659 2182 indicium
679 2127 732 2194 est,
753 2127 787 2180 at
805 2121 871 2180 edd.
884 2124 949 2181 iure
967 2125 1003 2181 ad
1021 2124 1076 2182 boc
1094 2121 1386 2181 accommodaverint

280 2226 402 2285 verbum
426 2221 665 2286 obsecraverint.
704 2224 914 2284 coniunctivae
931 2228 1052 2302 ponitur
1069 2227 1100 2284 in
1117 2226 1262 2284 solutiore
1284 2229 1385 2282 struc-

279 2335 349 2388 tura
370 2330 503 2404 relativa,
529 2329 581 2387 ubi
600 2347 688 2387 causa
705 2329 828 2388 affertur
848 2331 1001 2388 sententiaa
1019 2349 1077 2388 non
1095 2329 1205 2386 diserte
1223 2345 1384 2404 expresse,
1475 2349 1476 2406 p

281 2434 365 2508 quasi
387 2433 415 2490 h.
439 2435 458 2492 1.
506 2431 688 2507 „Dubitasne
709 2433 780 2509 quin
803 2433 860 2491 illa
882 2431 943 2491 hac
966 2433 1102 2503 dixerint,
1132 2449 1197 2507 qnae
1220 2432 1310 2488 etiam
1336 2451 1385 2489 me

281 2531 532 2608 obsecraverint“,
562 2535 598 2594 cf.
622 2537 694 2594 408.
718 2537 789 2594 978.
814 2535 872 2594 Cio.
895 2557 925 2613 p.
949 2535 1066 2594 Cluent.
1092 2536 1139 2606 39,
1167 2535 1241 2592 109:
1274 2553 1383 2611 „quem

281 2638 477 2697 intolerabilis
501 2639 688 2714 arrogantial
712 2641 762 2715 qui
786 2640 876 2696 etiam
899 2637 973 2696 illud
995 2639 1090 2714 ipsam
1116 2637 1220 2695 acerbe
1242 2633 1382 2695 tulerit“.

281 2739 388 2817 Philip.
401 2741 450 2814 IV,
478 2743 503 2815 1,
529 2741 563 2800 3:
591 2740 684 2814 „nihil
707 2761 743 2800 ex
767 2742 845 2800 omni
868 2741 1043 2800 seculorum
1064 2742 1208 2800 memoria
1229 2739 1290 2797 tale
1315 2759 1383 2816 cog·

280 2845 365 2917 novi;
393 2844 676 2920 qui...consilium
706 2841 846 2921 ceperit.“
893 2843 1002 2902 Rarius
1024 2843 1184 2902 indicativo
1213 2841 1318 2915 modo,
1350 2847 1385 2900 ut

280 2945 371 3004 Marc.
383 2947 451 3005 151.
465 2947 535 3005 Sall.
549 2965 592 3005 or.
605 2945 738 3023 Philippi
753 2945 800 3004 12.
812 2975 855 2986 --
867 2947 916 3004 67.
925 2961 1083 3021 pomam,
1096 2943 1284 3023 magnificum
1298 2965 1383 3023 spec·
1475 2963 1476 3016 ζ

280 3047 421 3107 taculum.
444 3043 565 3109 -illa
588 3047 752 3126 Scioppius.
778 3077 815 3088 -
842 3050 891 3108 68.
916 3043 1059 3110 Nimiast
1079 3050 1214 3108 Donatus
1242 3048 1280 3105 ad
1312 3049 1382 3106 Ter.
1475 3023 1476 3084 l

281 3151 357 3209 Eun.
382 3153 410 3224 4,
434 3153 460 3226 7,
488 3154 525 3210 19
554 3157 584 3210 et
605 3151 661 3210 Ad.
687 3153 714 3223 3,
740 3151 766 3222 3,
791 3151 841 3209 45.
874 3179 917 3190 -
949 3145 1022 3210 AR.
1052 3146 1133 3210 milli
1154 3151 1267 3211 Ritsch.
1291 3152 1384 3230 Apud

281 3251 367 3312 Ribb.
391 3253 453 3312 baec
475 3255 630 3330 leguntur:
667 3253 719 3328 „In
741 3255 767 3310 A
790 3261 859 3331 post
884 3253 1067 3328 „bominem“
1098 3261 1218 3314 mutatae
1246 3273 1384 3330 personae
1475 3233 1476 3290 1

281 3357 396 3432 signum
419 3361 448 3414 et
474 3357 505 3414 in
533 3357 635 3415 eadem
664 3357 742 3415 linea
772 3355 836 3414 duae
865 3357 990 3432 litterae,
1021 3357 1147 3418 fortasse
1170 3357 1228 3416 ΜΕ
1252 3359 1301 3416 vel
1325 3357 1383 3432 ΜΙ,

281 3463 313 3515 et
334 3460 365 3516 in
387 3461 521 3535 sequenti
544 3462 673 3538 quinque
699 3461 762 3518 fere
785 3458 832 3518 vel
856 3460 957 3537 plures
984 3468 1123 3520 secuntur
1146 3461 1304 3520 admodum
1330 3462 1383 3518 ob·
1475 3485 1476 3540 ,

281 3581 373 3620 scura
392 3560 612 3621 ...Probabile
635 3564 727 3640 igitur
750 3555 795 3620 est
817 3559 1001 3635 „bominem“
1026 3571 1112 3622 vet-us
1134 3564 1282 3640 glossema
1306 3583 1381 3634 esee,

281 3665 313 3722 id
341 3665 420 3741 quod
449 3663 587 3724 Laeuius
614 3685 731 3742 quoque
764 3665 929 3744 perspexit,
964 3669 1120 3744 genuinum
1148 3673 1246 3724 autem
1277 3684 1384 3724 versus
1475 3677 1476 3714 l

281 3768 391 3825 exitum
418 3765 511 3840 ,Mihi
532 3766 669 3844 quidem“
695 3765 817 3829 tuisse“.
837 3801 877 3811 -
897 3771 945 3829 69.
972 3764 1141 3829 Molestiae
1160 3769 1205 3842 R,
1230 3769 1312 3846 quod
1337 3791 1382 3826 re·
1475 3823 1476 3834 ,

280 3871 365 3946 tinui,
389 3871 521 3947 quamvis
543 3890 649 3950 parum
670 3871 786 3948 placeat
808 3893 946 3931 mensura
964 3872 1048 3931 verbi
1066 3865 1214 3930 ambiant.
1249 3873 1380 3931 Lorcna.

280 3993 346 4031 cum
368 3971 550 4032 Fritzschio:
587 3973 760 4047 ,Molestiae
784 3981 868 4034 sunt:
894 3981 982 4036 orant
1005 3974 1108 4033 ambae
1131 3981 1161 4032 et
1183 3972 1380 4047 obsecrant“;
1475 3955 1476 4022 Ῐ

280 4075 361 4134 Brix.
388 4075 551 4149 „Maleatas
573 4081 642 4135 sunt
664 4076 781 4150 ambae,
806 4079 925 4152 adeunt,
949 4082 1043 4152 orant,
1066 4074 1259 4150 obsecrant“;
1283 4077 1379 4154 Bugg.
1475 4103 1476 4112 .

279 4177 387 4237 Philol.
399 4177 485 4236 XXX
500 4199 530 4256 p.
545 4179 620 4238 638:
646 4178 809 4253 „Molestae
828 4187 897 4240 sunt
918 4181 1072 4253 mulierem
1097 4184 1184 4238 orant
1205 4179 1379 4250 ambiunt“;

281 4281 317 4340 cl.
341 4279 408 4338 Ter.
432 4279 525 4339 Andr.
550 4283 620 4354 373,
643 4280 695 4339 ubi
716 4285 901 4363 scripserim:
934 4282 1016 4356 „Nisi
1046 4285 1124 4343 senis
1152 4281 1236 4341 uides
1260 4285 1379 4357 amicos,

280 4401 356 4456 cras,
380 4378 503 4443 ambis“.
526 4413 568 4423 -
591 4386 641 4443 73.
665 4379 732 4443 bari
749 4386 794 4444 ed.
807 4407 851 4463 pr.
865 4387 1001 4446 Loewius
1019 4405 1136 4462 quoque
1159 4387 1187 4442 in
1212 4386 1236 4442 A
1259 4380 1312 4446 hic
1335 4386 1381 4446 cri
