2978 5004
748 451 838 506 Plaun
1136 451 1185 518 lv,
1203 455 1229 516 4,
1250 452 1367 506 17-26

669 639 935 724 Lysimachus

1015 747 1088 813 Non
1111 747 1208 813 abis?

255 861 328 924 Non
351 881 410 941 ego
434 881 515 940 sum,
539 859 596 941 qui
618 865 651 922 te
675 857 796 922 dudum
819 857 967 922 conduxi.

722 997 879 1082 Coquos

979 1136 986 1148 ·
1018 1108 1103 1185 Quid
1124 1109 1196 1172 est?

256 1220 357 1283 Immo
380 1217 487 1283 hercle
508 1225 544 1280 tu
567 1217 643 1280 istic
664 1217 762 1299 ipsus.

671 1357 936 1442 Lysimachus

817 1465 886 1533 Uae
909 1469 1028 1533 misero
1051 1469 1145 1533 mihi!

724 1607 882 1692 Coquos

256 1721 379 1803 Nempe
402 1740 484 1783 uxor
504 1719 606 1782 rurist
628 1725 695 1795 tua,
719 1739 816 1800 quam
840 1718 963 1782 dudum
987 1720 1115 1784 dixeras
1230 1766 1238 1776 -

256 1829 300 1892 Te
324 1828 431 1892 odisse
454 1848 557 1910 aeque
579 1831 678 1909 atque
702 1847 849 1908 anguem.

676 1968 938 2052 Lysimachus

889 2077 979 2160 Egon
1002 2079 1088 2142 istuc
1111 2080 1177 2143 dixi
1200 2081 1287 2144 tibi?
1306 2101 1370 2152 750

725 2217 883 2302 Coquos

257 2329 337 2394 Mihi
362 2335 395 2392 tu
418 2329 550 2411 quidem
572 2327 691 2392 hercle.

673 2471 934 2554 Lysimachus

734 2579 786 2644 lta
809 2601 859 2644 me
882 2579 1006 2644 amabit
1028 2581 1182 2665 Iuppiter,

258 2689 356 2768 Uxor,
380 2696 416 2752 ut
439 2709 499 2770 ego
522 2687 602 2751 illud
626 2709 803 2770 numquam
826 2689 901 2752 dixi.

716 2830 900 2914 Dorippa

947 2937 1056 3004 Etiam
1077 2943 1200 3024 negas?

728 3079 885 3164 Coquos

262 3191 335 3254 Non
356 3191 412 3253 ted
434 3191 541 3253 odisse
564 3189 664 3270 aibat,
688 3211 802 3254 uerum
824 3211 956 3255 uxorem
980 3213 1081 3255 suam.

719 3331 900 3416 Dorippa

263 3441 376 3505 Palam
398 3441 502 3504 istaec
524 3439 615 3520 fiunt,
638 3445 671 3504 te
694 3461 745 3503 me
768 3440 886 3505 odisse.

678 3582 944 3665 Lysimachus

934 3693 1017 3772 Quin
1040 3716 1131 3776 nego.

679 3869 685 3876 ·
733 3833 891 3917 Coquos

266 3943 308 4005 Et
329 3961 462 4006 uxorem
484 3962 577 4006 suam
600 3943 668 4006 ruri
690 3963 760 4006 esse
782 3943 882 4009 aibat.

334 4182 386 4234 '748
403 4181 475 4234 istuc
562 4183 612 4234 749
629 4183 721 4234 rurest
739 4180 774 4247 B,
791 4199 838 4234 rus
857 4189 902 4237 est
920 4183 942 4236 0
1025 4186 1076 4237 750
1093 4189 1177 4253 atque
1195 4201 1244 4240 om.
1264 4186 1293 4240 B

268 4267 365 4334 anguis
376 4265 410 4332 B,
429 4268 550 4334 angisO
597 4269 663 4321 Ἰ’751
684 4271 783 4320 tuom.
853 4272 904 4322 753
922 4275 951 4322 te
1020 4271 1112 4324 aiebat
1128 4289 1245 4324 uxorem
1264 4291 1373 4331 uerum

269 4352 320 4402 755
337 4351 430 4404 aiebat
