2982 5020
560 463 592 516 V.
611 465 754 518 eoo-929.
998 415 1004 432 i
1154 469 1216 530 337

71 653 224 713 dentiam
249 655 430 733 Milphionis,
461 678 519 735 qua
547 659 577 714 in
600 659 735 736 proxima
757 677 843 717 scena
866 657 978 717 Punica
1001 657 1091 717 verba
1113 659 1218 717 Latine

72 757 219 815 reddere
243 764 373 830 conatur,
397 759 494 818 ridere
516 765 652 838 possent,
676 761 816 838 perpauci
839 765 940 819 tamen
963 764 1132 820 continuam
1152 780 1218 820 ora-

73 860 204 918 tionem
219 860 328 918 Punice
350 860 484 920 habitam
507 863 590 939 sequi
608 866 778 938 potuerunt,
803 882 864 934 nec,
888 863 913 920 si
932 866 1109 940 potuissent,
1135 863 1219 939 quid·

73 981 176 1037 quam
205 963 324 1021 ridiculi
352 969 405 1024 eut
431 963 524 1042 lepidi
547 964 680 1036 haberet,
713 963 843 1022 Poenum
867 964 976 1023 Punice
999 965 1090 1042 loqui.
1135 965 1221 1025 Talia

75 1065 309 1139 posterioribus
332 1065 449 1124 demum
471 1069 501 1125 in
525 1073 651 1125 mentem
675 1069 774 1125 venire
797 1071 975 1144 potuerunt,
1011 1069 1061 1144 qui
1085 1087 1101 1124 a
1124 1067 1221 1128 Musis

75 1164 266 1244 Gratiisque
289 1169 387 1240 alieni,
411 1189 555 1228 novarum
577 1189 675 1228 rerum
699 1175 729 1227 et
751 1171 797 1228 sui
819 1169 951 1227 iactandi
969 1168 1078 1246 cupidi,
1103 1189 1221 1248 eaquae

77 1267 248 1328 Musarum
271 1271 408 1329 alumnus
430 1275 603 1350 scripserat,
634 1275 695 1330 suis
717 1271 927 1332 additamentis
958 1273 1151 1331 multifariam
1174 1275 1220 1332 in·

76 1374 218 1445 quinare
259 1374 322 1430 ausi
361 1381 440 1434 sunt.
507 1375 620 1433 Horum
655 1377 762 1451 aliquis
802 1393 892 1451 quum
927 1394 985 1433 non
1026 1375 1222 1434 intellexisset

77 1476 231 1550 proxima
253 1495 340 1535 scena
362 1482 426 1536 tum
445 1477 561 1536 demum
581 1477 752 1535 Hannonem
775 1496 828 1534 sua
845 1477 945 1552 lingua
964 1479 1018 1548 uti,
1044 1497 1134 1554 quum
1154 1497 1220 1535 eum

79 1575 223 1653 Milphio
247 1577 357 1637 Punice
380 1585 570 1657 provocasset
593 1563 694 1656 (991),
725 1599 791 1637 eum
814 1581 915 1636 statim
941 1578 977 1636 ab
1001 1581 1087 1637 initio
1110 1579 1220 1638 Punice

80 1677 177 1754 loqui
207 1680 303 1739 voluit
332 1687 362 1739 et
389 1686 553 1740 orationem
583 1685 645 1740 eius
676 1675 849 1756 (eie—58)
878 1681 989 1739 Punice
1018 1681 1150 1740 reddidit
1172 1701 1219 1740 vr.

80 1781 253 1853 ees-48,
278 1784 329 1860 qui
347 1785 377 1846 iu
389 1785 416 1842 A
427 1783 526 1842 decem
544 1791 621 1857 sunt,
642 1787 672 1842 in
690 1786 796 1843 ceteris
814 1784 911 1856 codd,
929 1788 1037 1842 omissa
1057 1785 1223 1861 posteriore

83 1889 183 1960 parte
216 1905 242 1942 v.
268 1887 326 1945 941
352 1891 382 1944 et
403 1889 504 1962 priore
532 1907 559 1945 v.
584 1889 662 1953 942,
691 1894 767 1946 octo.
824 1887 879 1946 Cui
913 1907 1003 1964 quum
1038 1895 1090 1944 aut
1117 1905 1223 1962 parum

83 1989 273 2045 successisse
297 1987 449 2046 videretur
467 1995 519 2046 aut
537 1990 729 2048 librariorum
747 1991 835 2066 culpa
852 1993 1069 2068 interpretatio,
1083 1994 1223 2066 corrupta

84 2095 185 2164 esset,
208 2096 314 2166 postes
337 2091 412 2150 alius
435 2091 556 2167 quidam
579 2113 684 2152 novam
709 2091 825 2151 addidit
843 2095 1133 2170 interpretationem,
1158 2110 1224 2169 quse

85 2191 128 2248 ab
156 2192 184 2250 A
209 2195 302 2266 abest,
327 2195 358 2250 in
381 2195 486 2252 ceteris
509 2197 639 2271 priorem
662 2195 759 2253 locum
784 2193 908 2270 obtinet,
933 2177 1090 2254 eae-38.

183 2295 261 2368 Haec,
287 2315 352 2373 quae
375 2317 392 2354 a
415 2295 520 2356 Plauto
544 2297 641 2355 aliena
663 2305 745 2368 sunt,
777 2299 877 2368 magni
905 2301 1048 2356 momenti
1071 2299 1133 2355 risa
1156 2301 1226 2355 sunt

86 2395 215 2455 Punicae
238 2398 345 2474 lingua
367 2397 523 2470 studiosis,
555 2403 637 2457 cuius
666 2405 776 2476 praeter
802 2399 1010 2475 inscriptiones
1033 2419 1226 2476 nummosque

88 2497 158 2558 haec
175 2499 236 2557 lere
256 2501 319 2559 sola
334 2509 525 2560 monumenta
542 2503 646 2560 relicta
664 2507 741 2573 sunt,
765 2506 848 2559 tanto
867 2503 962 2576 magis
979 2503 1121 2578 pretiosa,
1146 2501 1225 2577 quod

88 2602 251 2660 vocalibus
290 2605 321 2661 in
359 2605 491 2662 semitica
529 2605 677 2662 scribendi
711 2608 828 2662 ratione
862 2606 976 2662 omissis
1012 2603 1115 2661 Latina
1148 2604 1226 2660 ratio

89 2723 200 2762 carere
224 2725 282 2763 non
305 2707 414 2783 potuit.
470 2705 532 2766 Nos
560 2727 630 2766 vero
660 2707 777 2765 illarum
804 2707 972 2765 litterarum
1003 2705 1092 2764 rudes
1120 2707 1151 2763 in
1180 2705 1225 2762 his

92 2809 272 2866 enarrandis
291 2828 326 2866 ea
342 2809 508 2881 reddemus,
533 2829 599 2886 quse
615 2809 833 2887 probatissimis
851 2809 1022 2867 auctoribus
1041 2807 1224 2885 placuerunt,

92 2909 126 2966 in
153 2909 252 2968 dubiis
271 2917 386 2970 tantum
405 2919 435 2969 et
453 2913 505 2971 ubi
529 2912 683 2971 doctorum
707 2914 837 2970 virorum
860 2911 1014 2969 sententiae
1038 2911 1126 2983 longe
1148 2909 1227 2967 inter

94 3031 127 3069 ee
149 3012 326 3088 discrepent,
350 3015 479 3090 eligendi
498 3015 618 3091 aliquod
637 3015 792 3072 arbitrium
812 3012 917 3070 timide
937 3012 1020 3070 nobis
1039 3019 1225 3087 arrogantes.

94 3113 217 3187 Omnes,
241 3119 292 3191 qui
316 3117 376 3175 brec
399 3116 511 3175 Punice
533 3123 719 3194 tractarunt,
743 3135 916 3174 enumerare
939 3115 1060 3188 longum
1090 3119 1151 3188 est,
1176 3135 1228 3172 nec
1295 3165 1300 3192 ,

96 3237 184 3293 opus,
208 3237 275 3276 nam
297 3221 417 3278 nomina
439 3239 543 3278 eorum
560 3219 607 3277 vel
625 3219 704 3296 apud
727 3218 906 3277 Moversium
927 3218 1132 3290 inveniuntur3
1157 3221 1226 3287 tres,

95 3318 209 3396 quibus
233 3324 358 3380 maxime
380 3341 452 3381 usus
471 3341 545 3394 eum,
568 3321 599 3378 hi
616 3325 699 3380 sunt:
724 3321 757 3380 F.
773 3320 803 3380 O.
816 3320 905 3380 Wex
929 3321 964 3378 de
983 3320 1102 3378 Punicae
1120 3318 1229 3394 linguas

43 3455 54 3478 ι
97 3421 235 3498 reliquiis
258 3425 287 3481 in
311 3423 408 3482 Plauti
431 3421 583 3496 Poenulo,
617 3429 839 3500 programmata
868 3423 926 3481 duo
955 3424 1101 3499 gymnasii
1124 3421 1227 3480 Sueri-

97 3526 200 3582 nensis
234 3525 312 3583 1838
344 3531 374 3584 et
403 3527 457 3600 39,
492 3526 525 3584 F.
550 3525 581 3584 C.
607 3526 756 3584 Morere
789 3527 842 3584 Die
872 3525 1038 3584 Panischen
1069 3523 1160 3582 Texte
1189 3524 1230 3580 im

98 3625 249 3685 Poenulus
274 3629 324 3686 des
347 3627 485 3700 Plautus,
522 3629 645 3687 Breslau
671 3628 767 3699 1845,
800 3627 830 3686 P.
855 3625 1047 3686 Schrdder
1076 3625 1133 3684 Die
1155 3625 1229 3703 pho·

99 3729 231 3787 niziscbe
255 3730 400 3806 Spracbe,
430 3729 514 3792 Helle
542 3732 637 3803 1869,
662 3749 691 3807 p.
716 3731 775 3788 285
800 3750 864 3806 sqq.
890 3759 930 3770 —
953 3729 987 3787 In
1010 3726 1229 3801 distinguendis

101 3831 254 3890 vocabulis
276 3832 395 3894 Punicis
430 3838 574 3892 rationem
603 3834 700 3891 secuti
728 3852 845 3906 snmus,
880 3853 939 3894 non
968 3832 1069 3898 codd,
1103 3849 1229 3907 quorum

101 3953 193 4010 quum
217 3955 332 4012 semper
354 3939 385 3993 in
408 3935 463 3993 bac
485 3955 517 3993 re
540 3939 655 4010 exigua,
680 3943 742 3993 tum
766 3935 814 3994 bio
831 3937 949 3994 omnino
968 3933 1051 3992 nulla
1068 3935 1230 3992 auctoritas

102 4043 165 4109 est,
198 4039 255 4096 nisi
279 4038 357 4114 quod
381 4057 408 4096 v.
434 4039 580 4096 934-37
604 4041 757 4112 signorum
786 4037 920 4113 reliquiae
949 4035 1083 4113 quadam
1111 4041 1231 4093 servata
1308 4085 1310 4092 .

103 4147 182 4212 sunt,
215 4141 275 4198 934
300 4143 330 4198 in
355 4139 390 4198 B:
419 4137 487 4216 yth!
511 4137 584 4198 chii!
607 4137 657 4216 ys!
682 4136 773 4198 chon?
798 4137 896 4197 obem!
921 4138 996 4210 liful,
1028 4141 1058 4196 in
1081 4137 1118 4195 0:
1148 4135 1229 4213 ebyl!

104 4263 151 4318 ys3
176 4243 236 4301 935
260 4245 291 4301 in
315 4241 351 4300 B:
375 4237 449 4300 Yth}
472 4239 578 4300 binim!
601 4238 758 4318 ysdibur53
783 4242 847 4300 936
867 4243 897 4300 in
920 4240 959 4299 B:
984 4237 1139 4298 emaneth!
1163 4240 1231 4316 iby;

104 4345 165 4402 937
190 4345 220 4403 in
244 4345 283 4401 B:
315 4344 382 4403 chil.
406 4343 482 4402 luch.
538 4343 573 4402 in
605 4345 772 4403 enarrando
801 4351 899 4403 antem
928 4342 979 4402 ubi
1002 4341 1156 4400 Hebraicis
1183 4341 1232 4400 lit·

994 4457 1028 4510 22
