2978 5004
286 489 349 552 260
682 479 686 486 “
711 483 793 539 iiiles
811 483 956 554 gloriosae

283 680 318 742 li.
345 675 531 760 ,improbet
575 679 611 739 ln
634 681 782 759 principio
804 699 907 740 versus
930 679 970 740 A:
993 679 1162 756 NAMUNI,
1185 680 1265 742 unde
1289 679 1390 760 Gepp.

282 783 409 844 Studii
425 805 454 863 p.
471 785 507 842 15
521 785 595 844 coni.
621 783 715 858 ,Nam
736 786 789 844 uni
806 784 938 862 capitulo
959 783 1026 863 plus
1048 785 1140 844 nimio
1163 785 1257 843 merui
1281 781 1390 842 mali“.

370 889 439 948 585.
464 886 619 948 Sceledrus
640 891 756 946 muteto
784 888 908 947 coneilio
931 887 1050 946 domum
1072 907 1104 946 se
1126 887 1252 961 confert,
1281 889 1391 964 ibique

283 993 313 1050 in
342 991 417 1050 ceila
447 992 565 1048 rinama
596 1009 628 1048 se
660 991 803 1064 inebriat,
841 1011 867 1050 v.
903 993 974 1052 818.
1029 989 1139 1050 Verum
1177 992 1201 1048 si
1236 992 1295 1050 iam
1334 991 1391 1048 hoo

282 1095 379 1156 iacere
401 1099 432 1152 et
453 1093 671 1172 spectatoribus
687 1113 811 1152 nemore
826 1095 977 1162 voluisset,
1001 1095 1068 1152 aliis
1084 1092 1182 1154 verbis
1199 1112 1271 1152 usus
1288 1099 1390 1172 esset;

282 1217 351 1256 nam
379 1191 417 1254 de
444 1210 493 1254 me
521 1191 676 1273 quidquid
702 1196 751 1254 cet
776 1215 832 1273 pro
866 1196 1029 1273 ,quidquid
1058 1217 1106 1256 me
1127 1192 1196 1255 iiet“
1222 1195 1389 1256 barbarum

282 1305 336 1359 est.
381 1299 485 1376 ltaque
518 1299 595 1358 hunc
628 1318 746 1358 versum
775 1319 840 1357 cum
869 1298 937 1358 Lor.
972 1298 1116 1360 Ribbeck.
1170 1299 1220 1358 Br.
1249 1301 1388 1376 spurium

283 1401 387 1462 babeo.
433 1401 492 1460 Sed
521 1402 610 1460 etiam
633 1404 783 1478 proximos
806 1421 907 1460 verens
931 1403 1099 1462 587-596
1123 1421 1188 1460 oum
1210 1401 1389 1478 Ladewigio

281 1505 390 1564 Philol.
408 1503 494 1562 XVII
510 1524 539 1582 p.
554 1505 614 1562 260
633 1503 815 1564 damnandos
832 1523 948 1563 censeo.
982 1503 1078 1564 Senex
1096 1506 1153 1563 iam
1172 1525 1199 1563 v.
1214 1507 1276 1564 576
1293 1505 1390 1564 solita

281 1609 416 1668 abeuntis
438 1607 530 1666 verba
551 1605 637 1680 dixit,
661 1627 714 1665 nec
736 1607 817 1666 ultra
837 1609 868 1666 in
890 1607 1045 1685 proscenio
1066 1627 1185 1666 manere
1208 1606 1307 1666 debet.
1357 1606 1388 1666 si

281 1731 375 1788 usque
394 1709 431 1769 ad
448 1730 476 1769 v.
491 1711 551 1768 596
568 1711 738 1787 permansit,
756 1711 835 1770 inter
852 1711 926 1768 henc
943 1729 1059 1770 scenam
1077 1715 1107 1768 et
1122 1711 1292 1789 proximum
1311 1716 1388 1768 tem·

280 1816 363 1890 poris
375 1813 502 1889 spatium
515 1813 716 1870 intercesserit
728 1832 845 1871 necesse
858 1819 912 1884 eet,
931 1813 1032 1890 qualia
1049 1819 1117 1872 eunt
1128 1833 1193 1889 qnae
1205 1833 1387 1873 commemo·

281 1923 385 1976 rantur
403 1915 538 1991 Prolegg.
551 1934 580 1992 p.
598 1917 656 1973 168
675 1933 735 1991 sq.;
758 1915 858 1974 sedin
875 1915 934 1974 iilis
950 1915 1115 1976 intervallis
1134 1935 1181 1973 ree
1200 1917 1303 1990 magni
1323 1935 1386 1974 mo·

281 2020 373 2078 menti
385 2023 521 2095 aguntur,
539 2017 586 2076 hic
602 2017 677 2076 nihil
689 2021 808 2077 omnino
820 2017 862 2090 iit,
880 2037 934 2077 neo
944 2018 1006 2078 ulle
1024 2037 1112 2076 censa
1129 2020 1255 2094 cogitari
1271 2025 1384 2098 potest,

281 2141 342 2194 cnr,
354 2123 379 2181 si
391 2121 543 2180 consilinm
555 2125 640 2178 extra
652 2119 729 2178 tedes
741 2120 909 2180 habendum
921 2127 974 2195 eet,
987 2140 1046 2180 non
1059 2121 1096 2180 ad
1107 2121 1385 2199 Peripleoomenum

281 2223 435 2284 Paioeetrio
458 2229 489 2283 et
500 2223 662 2282 Pleusicles
685 2229 799 2296 exeant,
823 2223 874 2282 eed
887 2223 1156 2302 Pleripleeomenus
1178 2225 1255 2284 aedcs
1278 2227 1384 2296 intret,

281 2334 314 2386 ut
333 2328 433 2388 statim
447 2327 543 2386 denuo
555 2333 702 2386 evocetur.
721 2355 763 2366 -
783 2328 853 2386 587.
873 2321 950 2386 Illic
965 2321 1046 2400 lcinc,
1066 2349 1093 2386 v.
1107 2327 1144 2386 ed
1156 2328 1223 2387 Aul.
1237 2329 1310 2388 257.
1335 2327 1384 2386 Ps.

283 2433 353 2491 394.
370 2459 413 2470 -
433 2432 502 2489 588.
515 2443 607 2505 saepe
618 2431 717 2507 inepte
729 2429 859 2488 additur.
873 2459 909 2472 -
926 2431 996 2489 589.
1015 2429 1155 2506 Correpti
1167 2449 1271 2490 versus
1283 2451 1385 2489 emen·

280 2531 364 2593 datio
386 2535 436 2592 vix
458 2532 528 2592 dum
556 2533 676 2592 inventa
703 2537 762 2606 est,
792 2553 845 2590 nec
867 2531 967 2592 Bothii
989 2536 1190 2592 coniecturam
1212 2534 1243 2592 in
1265 2539 1383 2593 textum

280 2636 391 2696 inferre
421 2634 518 2694 debui.
564 2636 641 2694 Ante
670 2635 810 2694 Bothium
843 2635 1013 2714 Scioppius:
1051 2635 1161 2708 ,Quom
1192 2633 1384 2696 inducatur“.

281 2739 316 2800 R.
343 2739 417 2814 ,Qui
447 2737 521 2796 adeo
550 2734 773 2810 admutiletur“,
805 2739 885 2814 quod
914 2741 957 2798 ite
980 2743 1142 2798 tenuerunt
1162 2738 1232 2800 Lor.
1256 2737 1319 2816 Br.,
1349 2745 1384 2797 ut

281 2846 351 2900 ente
378 2840 441 2900 hec
469 2839 613 2900 excidisse
641 2860 756 2900 versum
785 2847 958 2902 statuerent.
1003 2841 1103 2900 Madv.
1126 2841 1203 2900 Adv.
1232 2840 1261 2900 II
1289 2863 1320 2920 p.
1346 2845 1382 2900 9:

284 2943 378 3019 „Quoi
406 2943 437 3002 id
465 2938 649 3017 adimetur“;
677 2942 765 3003 Ribb.
798 2943 890 3017 ,Guin
920 2944 950 3002 id
978 2939 1158 3004 adimatur“.
1181 2973 1222 2984 -
1246 2946 1308 3003 590
1338 2965 1381 3022 eq.

281 3045 436 3106 Sceledrus
463 3045 538 3106 nihil
565 3045 642 3104 vidit
671 3065 724 3106 nec
760 3047 845 3106 audit
876 3067 929 3106 neo
958 3049 1113 3125 opinetur,
1142 3049 1200 3106 nisi
1222 3047 1305 3124 qued
1328 3067 1383 3107 noe

279 3149 426 3210 volumus.
455 3177 497 3189 -
528 3151 598 3209 592.
627 3143 780 3223 festinum
808 3149 982 3210 Gulielmns.
1009 3179 1052 3189 -
1073 3143 1260 3224 praehibuit
1279 3151 1315 3208 Δ.
1341 3179 1382 3190 -

284 3253 353 3312 593.
366 3253 520 3320 senatum,
532 3271 558 3310 ν.
569 3251 681 3312 addul.
690 3253 760 3311 541.
773 3281 814 3292 —
828 3255 887 3312 594
900 3273 943 3331 sq.
961 3251 1087 3327 „Verum
1100 3253 1235 3311 ordinem
1248 3273 1266 3310 a
1278 3252 1383 3313 Came·

281 3357 361 3414 nario
384 3357 554 3414 restitutum
578 3351 799 3425 confirmetd“‚
821 3355 857 3414 R.
881 3385 921 3396 —
944 3371 993 3415 me
1015 3356 1118 3429 estA3
1141 3355 1277 3416 aeternat
1298 3351 1383 3435 forts

281 3456 332 3532 id.‚
355 3477 408 3516 neo
425 3457 487 3516 ulla
504 3455 725 3535 depravationis
744 3460 871 3535 euspicio
890 3463 943 3518 eet.
978 3457 1037 3518 Sed
1056 3459 1127 3536 quid
1151 3461 1261 3518 attinet
1283 3460 1383 3520 dicere

282 3559 452 3620 Sceledrum
475 3562 504 3619 in
526 3559 759 3638 Peripleoomeni
781 3561 894 3621 edibus
921 3582 980 3620 non
1009 3581 1086 3635 esee,
1115 3561 1167 3620 ubi
1195 3562 1295 3621 nullus
1318 3583 1382 3622 om-

281 3665 352 3722 nino
375 3665 403 3722 ei
424 3663 506 3722 iocus
528 3661 587 3722 sit?
623 3663 687 3723 Hoc
709 3683 798 3741 quum
822 3667 924 3743 inepte
946 3665 1004 3724 dici
1026 3665 1171 3724 vidissent
1191 3667 1382 3742 interpretes,

283 3785 343 3826 ecc.
354 3761 438 3842 toris
460 3785 518 3826 non
536 3765 574 3824 ad
591 3765 824 3845 Peripleoomeni
845 3766 897 3826 sed
916 3768 953 3826 ed
975 3768 1079 3828 militie
1102 3769 1180 3828 aedes
1199 3769 1383 3844 retulerunt,

281 3869 333 3929 sed
355 3877 419 3929 tum
442 3870 591 3947 oppositio
613 3871 692 3928 inter
715 3865 800 3930 domi
822 3875 853 3930 et
873 3864 956 3945 forie
978 3873 1071 3949 perit3
1100 3876 1245 3948 pretereo
1267 3891 1295 3930 v.
1321 3875 1383 3932 594

281 3993 346 4032 oum
375 3975 434 4032 586
469 3977 572 4050 operte
604 3977 728 4050 pugnet.
773 3973 878 4050 Itaque
911 3993 947 4032 ne
976 3973 1033 4032 eibi
1065 3975 1129 4049 ipse
1163 3974 1384 4034 contradiceret

280 4081 378 4153 poete,
401 4075 495 4153 Bugg.
510 4069 642 4152 (Tidekr.
656 4075 676 4134 f.
690 4073 794 4136 Philol.
814 4075 868 4136 VII
890 4095 919 4155 p.
935 4072 965 4145 7)
986 4096 1041 4154 pro
1066 4069 1232 4136 Sceledrus
1259 4074 1381 4150 ,milee“

281 4179 493 4252 substituebet3
522 4175 712 4254 Ladewigine
735 4182 835 4238 eutem
857 4180 983 4240 maxime
1006 4177 1043 4237 ob
1067 4178 1143 4238 hanc
1166 4199 1284 4238 caueam
1306 4181 1384 4240 hunc

280 4279 377 4340 locum
410 4281 571 4341 damnavit.
605 4309 648 4322 -·
682 4283 751 4340 596.
786 4281 820 4340 In
854 4283 936 4342 exitu
973 4299 1076 4342 versus
1109 4281 1211 4341 Lamb.
1245 4284 1382 4362 scripsit:

284 4383 362 4458 „illis
390 4385 509 4444 sortitio
537 4383 630 4458 fuat“,
662 4383 713 4445 R.:
747 4385 825 4461 ,illie
853 4387 977 4446 sortitus
999 4381 1092 4460 inat“,
1122 4383 1208 4444 Ribb.
1241 4387 1384 4474 „ultimus
