2982 5000
605 419 767 474 Pseudolus.
1183 428 1243 488 221

109 635 195 674 enno
218 636 245 675 a.
268 615 337 674 chr.
362 635 390 672 n.
417 616 474 674 191
500 609 547 673 Μ.
570 606 666 674 Innio
689 609 794 674 Bruto
812 615 950 690 protero
971 609 1106 688 urbano,
1131 623 1161 676 et
1178 611 1245 676 Μο-

108 711 248 795 μαίεθίἱθ
275 717 405 794 quidem.
462 717 519 788 Qui
546 718 609 776 ludi
639 737 729 794 quum
759 719 832 776 alias
862 717 898 778 ab
929 718 1064 776 edilibus
1093 719 1246 778 curulibus

109 821 309 892 haberentur,
334 821 386 879 illo
409 839 486 878 anno
510 818 547 877 ob
570 817 786 878 dedicationem
815 819 887 879 edis
908 819 1016 879 Matris
1036 821 1123 880 deum
1141 842 1165 880 a.
1186 823 1245 880 204

109 931 193 981 votas
222 920 457 996 magnificentius
487 921 546 980 acti
576 927 661 995 sunt,
694 923 858 1000 habuitque
892 942 943 980 eos
979 941 1109 982 summus
1143 925 1246 1001 populi

111 1025 247 1084 Romani
269 1027 475 1101 magistratum
509 1026 534 1081 is
558 1030 674 1096 autem,
706 1043 796 1101 quum
819 1031 945 1102 uterque
968 1027 1084 1101 consul,
1119 1027 1194 1084 alter
1217 1031 1247 1084 in
1289 1067 1291 1072 .

112 1127 234 1186 Graecia
256 1128 334 1185 alter
355 1129 386 1186 iu
408 1125 521 1196 Gallie,
546 1131 679 1198 abesset,
703 1135 813 1202 praetor
835 1128 966 1185 urbanus
988 1128 1060 1200 fuit,
1095 1128 1155 1187 vid.
1180 1127 1244 1186 Lis.

113 1229 258 1304 XXXVI,
278 1231 327 1302 36,
349 1231 366 1288 3
387 1248 447 1305 sq.:
475 1229 586 1300 ,AEdes
608 1232 712 1288 metris
735 1248 845 1305 magun
869 1229 954 1289 ldoae
977 1229 1114 1288 dedicata
1137 1236 1183 1290 eet
1197 1275 1203 1288 .
1219 1277 1246 1290 ..

114 1332 277 1405 Dedicavit
299 1351 363 1390 eam
387 1331 429 1390 ill.
452 1331 555 1390 Iunius
577 1331 704 1402 Brutus,
738 1331 861 1408 ludique
883 1333 919 1391 cb
943 1331 1158 1391 dedicationem
1182 1335 1246 1392 eius

114 1436 208 1508 fecti,
243 1453 319 1512 quoe
347 1435 461 1511 primos
488 1435 621 1492 scenicos
647 1435 737 1492 inisse
759 1433 896 1492 Valerius
926 1435 1030 1492 Antias
1059 1441 1103 1492 est
1133 1441 1245 1506 auctor,

113 1537 282 1614 Megalesia
305 1532 502 1613 appellatos.“
550 1535 710 1594 Pretorem
733 1536 824 1596 fuisse
842 1537 967 1596 Brutum
986 1537 1097 1610 legitur
1115 1537 1154 1595 ib.
1169 1541 1196 1608 a,
1219 1541 1247 1596 6.

114 1639 261 1699 Errorem
284 1638 396 1698 Valerii
425 1641 455 1696 in
484 1638 642 1697 indicanda
670 1642 834 1698 senicornm
864 1641 1002 1698 ludorum
1025 1641 1136 1716 origine
1158 1640 1247 1698 hodie

117 1761 208 1800 nemo
231 1761 288 1800 uon
313 1743 456 1815 agnoscit,
480 1763 508 1799 v.
531 1739 631 1798 Madv.
656 1739 763 1818 Opuso.
787 1740 869 1799 acad.
893 1739 908 1798 1
930 1761 959 1817 p.
986 1741 1044 1800 102
1068 1761 1111 1818 sq.

205 1844 415 1902 Recentiorum
455 1848 610 1919 poetarum
658 1842 834 1902 Pseudolum
871 1844 980 1901 imitati
1022 1851 1092 1901 sunt
1132 1847 1246 1920 primus

116 1947 258 2023 Baptista
275 1946 367 2005 Porta
384 1945 485 2018 Italus,
510 1947 593 2004 cuius
617 1952 662 2002 est
679 1945 723 2004 Le
741 1945 950 2022 Trappolaria,
976 1969 1003 2006 v.
1019 1946 1148 2024 Dnulop.
1163 1946 1247 2005 Rom.

118 2050 180 2108 Lit.
201 2049 215 2108 I
232 2068 261 2126 p.
277 2050 354 2121 216;
383 2054 445 2106 tum
464 2048 618 2106 Molierius
641 2049 672 2105 in
696 2039 844 2106 l'Etourdi
868 2049 1010 2106 nonnulle
1029 2049 1096 2107 hinc
1113 2052 1249 2127 sumpsit,

118 2152 303 2228 Helbergius
333 2157 432 2210 antem
462 2157 579 2209 nostras
602 2149 821 2208 festivissimam
845 2150 978 2208 fabulam
1002 2151 1144 2212 Diderioh
1166 2152 1248 2211 Men·

118 2253 339 2313 schenschreck
362 2273 499 2330 magnam
521 2258 638 2332 partem
662 2253 731 2311 hinc
754 2252 847 2311 duxit.

206 2356 405 2416 Personarum
427 2358 546 2414 uomina
563 2339 671 2414 ¹(iresca
693 2347 771 2414 sunl.
794 2353 888 2431 Simo,
919 2353 1071 2432 Callipho,
1105 2354 1250 2416 Charinus

118 2459 211 2532 vulgo
235 2465 314 2516 nota.
360 2451 472 2518 Ballio
495 2464 593 2516 exstat
615 2457 694 2534 epod
712 2457 821 2516 Athen.
841 2457 879 2514 IV
899 2453 928 2534 p.
951 2459 1008 2517 166
1026 2479 1057 2516 c:
1082 2459 1250 2530 Πυθοδήλου

117 2563 191 2628 τινὸς
214 2561 321 2618 ἀσώτου
347 2563 506 2636 μνημονεύει
526 2560 664 2626 Ἀξιόνικος
693 2566 720 2618 ἐν
745 2563 873 2636 Τυρρηνῷ
900 2561 990 2626 οὕτως·
1034 2561 1065 2623 ‘0
1086 2561 1252 2632 Πυθόδηλος

120 2664 215 2722 οὑτοσὶ
239 2663 254 2722 ὃ
275 2666 400 2721 Βαλλίων
423 2666 610 2740 προσέρχεται.
666 2656 834 2723 Calidorus
862 2664 886 2721 si
910 2683 928 2722 a
955 2663 1176 2740 pulchritudine
1200 2665 1251 2721 do-

119 2785 228 2826 norum
250 2767 418 2843 appellatus
441 2771 535 2838 esset,
566 2767 668 2842 potins
694 2763 898 2838 ,Gellidorns“
925 2765 1089 2838 diceretur,
1114 2766 1164 2823 sed
1188 2771 1250 2841 pri·

121 2889 200 2927 mam
228 2867 348 2927 brevem
378 2869 479 2928 hebet.
523 2867 557 2927 In
579 2869 605 2926 A
628 2887 656 2925 v.
682 2869 742 2928 364
764 2865 963 2938 „Oaludorus“
992 2872 1105 2939 exstat,
1137 2887 1164 2926 v.
1190 2870 1250 2927 969

121 2975 153 3029 et
174 2973 206 3030 iu
227 2971 412 3047 Argumento
438 2968 653 3046 „Calydorus“,
682 2971 819 3048 idemque
840 2971 865 3029 B
889 2975 919 3028 et
941 2969 963 3028 0
986 2973 1109 3046 saepius,
1140 2991 1167 3028 v.
1191 2971 1251 3030 Lo-

121 3092 204 3131 renu.
224 3091 254 3150 p.
269 3074 339 3132 248.
374 3073 452 3132 Num
478 3069 679 3149 „Polydorus“
704 3072 783 3132 fuit?
820 3066 994 3133 Pseudolus
1017 3091 1119 3132 servus
1142 3075 1252 3133 dicitnr

123 3177 250 3236 callidus
284 3181 314 3234 et
346 3177 481 3235 mendax.
537 3175 675 3236 Forsitan
706 3174 809 3235 Gracc
841 3176 938 3234 forme
976 3175 1111 3242 Ψαίῦυλος
1144 3176 1252 3250 fuerit3

124 3281 203 3339 unde
226 3279 261 3338 R.
287 3276 489 3354 „Pseudulus“
521 3279 650 3356 scripsit,
675 3279 843 3355 praesertim
877 3297 968 3354 quum
996 3279 1059 3336 eius
1087 3279 1187 3338 formae
1222 3287 1255 3337 et

125 3383 206 3460 apud
234 3383 444 3456 grammaticos
472 3383 599 3456 vestigia
628 3386 818 3459 superessent
840 3385 871 3438 et
893 3382 923 3438 in
945 3380 1142 3440 Ambrosiano
1166 3401 1253 3456 argu·

125 3489 227 3543 mento
250 3501 314 3542 eam
337 3483 382 3542 bis
405 3489 554 3542 servatam
577 3503 639 3542 esse
662 3489 796 3559 putaret,
824 3483 907 3558 prof.
930 3501 961 3559 p.
980 3483 1066 3555 VIII;
1101 3485 1153 3542 sed
1176 3483 1253 3560 Gep-

125 3593 230 3665 pertus
254 3591 283 3644 et
304 3586 525 3660 inhrgnmenti
548 3605 635 3644 versu
661 3588 697 3644 10
722 3591 752 3643 et
773 3585 804 3642 iu
825 3585 916 3644 titulo
938 3587 1042 3662 primu
1064 3604 1159 3644 ecenoe
1178 3603 1254 3661 prte-

126 3691 237 3766 scripto
264 3685 467 3761 ,Pseudolus“
492 3689 574 3762 legit,
599 3695 629 3746 et
651 3689 692 3748 sic
715 3693 886 3746 constanter
909 3688 995 3746 codd.
1019 3687 1043 3746 B
1066 3687 1088 3746 (i
1111 3693 1141 3746 et
1157 3690 1254 3765 Argu-

126 3797 258 3850 mentum
281 3790 476 3848 acrostichon.
522 3783 738 3864 leem'cium,
768 3793 911 3861 Φοινικίου,
935 3792 1021 3867 quasi
1043 3789 1183 3867 palmule,
1208 3791 1254 3849 di-

128 3894 203 3952 citnr
225 3891 340 3971 puella,
372 3886 521 3966 Harpax,
547 3893 663 3968 Ἅρπαξ,
693 3892 795 3951 cacnle
826 3893 897 3968 „qni
924 3891 1017 3949 hostis
1039 3893 1127 3950 uiuos
1150 3911 1255 3969 rapere

118 3996 202 4055 solet
226 4013 262 4053 ex
285 3991 378 4068 acie“,
402 4016 430 4052 v.
451 3995 522 4054 658.
568 3987 673 4054 Simia
690 3993 791 4053 Graece
813 3997 910 4068 Σιμίας
932 3995 979 4052 vel
1002 3997 1118 4069 Σιμμίας
1141 4001 1200 4066 est;
1224 3997 1254 4052 in

128 4097 322 4172 inscriptione
340 4096 510 4155 Thessalica
527 4097 668 4156 Mittheil.
683 4097 711 4154 d.
731 4096 858 4155 archiol.
878 4097 1016 4154 institute
1034 4095 1088 4154 VII
1107 4116 1137 4172 p.
1151 4097 1190 4155 66
1210 4115 1253 4174 sq.

128 4222 154 4258 v.
168 4201 207 4257 49
221 4199 325 4272 altera,
349 4219 376 4256 v.
401 4201 437 4257 61
464 4199 558 4257 altera
579 4200 677 4258 forma
696 4205 808 4270 exstat;
832 4198 932 4256 Latini
951 4198 1078 4275 simplici
1095 4219 1122 4256 m
1143 4197 1254 4256 scribe·

129 4301 213 4374 baut,
248 4321 275 4359 v.
300 4299 482 4360 Studemnnd
511 4301 670 4374 Festgrues
699 4320 735 4358 zu
763 4299 932 4375 Wriraburg
956 4300 1037 4360 1656
1067 4321 1095 4378 p.
1122 4303 1160 4360 56
1189 4320 1254 4376 sqq.
