2960 5000
781 458 871 512 Plauti

763 647 896 730 Lycus

832 755 1000 832 Quomodo

669 971 990 1036 Antamoenidea

485 1081 607 1146 Dicam.
654 1079 786 1144 Uiscum
810 1079 927 1160 legioni
952 1081 1026 1144 dedi

269 1191 292 1254 F
295 1189 482 1272 undasquc3
506 1191 535 1253 ei
559 1188 833 1272 prasternebant
855 1189 934 1252 folia
956 1189 1078 1254 farferi.

763 1307 889 1391 Lycus

268 1420 351 1496 Quoi
376 1419 447 1484 rei?

670 1525 990 1588 Antamoenides

493 1634 540 1698 Nc
564 1633 605 1698 ad
629 1631 744 1696 fundas
768 1633 878 1695 uiscus
903 1634 931 1694 ia
954 1631 1214 1698 adhaereaccrct.

767 1751 792 1814 L
827 1773 894 1815 cus

268 1863 386 1942 Perge:
408 1869 538 1944 optume
561 1859 670 1923 hercle
694 1773 848 1942 perierim.
895 1857 980 1934 Quid
1004 1861 1141 1942 postea?

669 1995 989 2061 Antamocnidca

169 2109 181 2122 '
267 2107 302 2169 lu
326 2105 443 2169 fundas
467 2107 547 2170 uisci
570 2103 729 2168 indebant
752 2105 960 2186 grandiculos
983 2105 1113 2186 globum

268 2213 333 2277 Eos
356 2217 389 2278 in
412 2213 561 2278 uolantas
584 2214 663 2277 iussi
687 2212 891 2276 funditaricr.

269 2321 351 2399 Quid
376 2321 478 2385 multa
502 2321 625 2386 uerba?
649 2341 844 2404 quemquem
868 2323 958 2385 uisco
981 2321 1192 2400 offenderant,

268 2431 348 2495 Tam
372 2431 478 2494 crebri
502 2430 543 2494 ad
567 2438 689 2494 barram
713 2429 908 2492 accidebant
932 2451 1029 2512 quam
1054 2431 1134 2512 pira.

268 2540 472 2623 utquisque
496 2537 672 2615 acciderat,
697 2560 770 2601 cum
795 2539 958 2601 necabant
981 2538 1056 2602 ilico

267 2649 328 2712 Per
351 2647 521 2726 cerebrum
545 2648 642 2728 pinna
665 2667 720 2710 sua
747 2646 809 2710 sibi
834 2647 928 2728 quasi
951 2654 1122 2710 turturem.

768 2765 894 2848 Lycus

268 2875 300 2939 Si
323 2874 431 2938 hercle
455 2875 542 2939 istuc
566 2893 720 2956 umquam
744 2871 864 2940 factum
890 2883 950 2943 cst,
974 2881 1043 2936 tum
1068 2896 1118 2937 me
1141 2873 1293 2957 Iuppiter

264 2983 380 3046 Faciat
403 2989 440 3047 ut
463 3004 591 3065 semper
614 2980 795 3047 sacrificem
820 3003 879 3044 nec
902 3003 1055 3064 umquam
1080 2981 1179 3046 litem.

672 3101 986 3165 Antamocnidcs

268 3214 314 3274 An
339 3211 417 3274 mihi
442 3209 524 3275 haec
547 3233 611 3274 non
636 3209 763 3273 credis?

760 3327 887 3410 Lycus

729 3434 831 3500 Credo
856 3445 892 3499 ut
915 3437 993 3498 mihi
1017 3457 1153 3519 aequom
1178 3441 1228 3500 est
1251 3437 1391 3502 credicr.

667 3555 983 3619 Autamocuidcs

267 3667 333 3746 Age
357 3686 468 3728 eamus
491 3667 587 3728 intro.
634 3665 717 3728 Dum
741 3673 818 3727 exta
840 3663 1034 3740 referuntur,
1059 3663 1134 3728 uolo
1339 3685 1392 3736 490

265 3772 406 3836 Narrare
430 3772 489 3835 tibi
513 3774 609 3835 ctiam
633 3791 730 3836 unam
756 3793 905 3853 pugnam.

338 3905 486 3913 ¹--—-.-----

331 3995 381 4045 478
400 4009 432 4046 eo
451 3991 502 4047 BG
557 3994 607 4046 479
626 3991 676 4058 Qui
694 3989 748 4046 Bc
806 3993 830 4045 ia
849 4008 898 4045 ona
961 3993 1245 4060 480-545poat607
1259 3995 1391 4062 ponito

263 4079 456 4146 480periurac
543 4079 610 4146 quip
628 4076 665 4146 B,
686 4075 774 4146 quiC
859 4080 911 4150 Ι481
932 4081 975 4130 uia
994 4078 1150 4131 uindebant
1240 4079 1343 4147 glcuoa
1363 4081 1390 4135 Β

263 4166 313 4216 482
330 4164 393 4233 Ego
411 4164 473 4217 illoc
493 4163 614 4216 uolantia
674 4163 755 4215 iussit
773 4162 800 4215 Β
861 4165 911 4215 484
930 4165 1040 4217 crebret
1058 4163 1092 4230 Β,
1112 4163 1189 4217 crabi
1208 4163 1285 4218 auc
1337 4171 1389 4221 485

263 4251 400 4315 negabam
420 4249 460 4316 Β,
488 4247 622 4302 necabam
642 4247 665 4302 0
769 4247 820 4300 486
838 4250 988 4316 gerebrom
1006 4247 1034 4302 B
1136 4251 1188 4303 489
1207 4255 1248 4303 cit
1266 4267 1388 4319 aequum

263 4337 313 4387 490
330 4334 351 4386 Ζ
371 4336 444 4388 deest
