2940 5008
564 477 596 530 v.
614 479 756 532 aes-sm
1006 457 1008 462 ’
1142 485 1203 546 285

97 681 133 732 et
148 673 334 732 incendiaria
351 675 423 747 eris,
446 677 569 751 propter
587 691 676 747 quem
695 691 775 748 sepe
792 691 913 732 numero
930 673 1088 732 lustratam
1107 675 1210 734 urbem

97 778 132 833 in
155 775 314 834 annalibus
336 779 563 836 invenimus...
600 773 670 846 Qua
692 777 732 834 sit
755 779 819 833 avis
836 795 879 848 ee,
903 794 961 834 nou
984 777 1134 853 reperitur
1156 797 1210 836 nec

97 879 299 937 traditur...
345 878 406 936 Alii
429 879 641 956 spinturnicem
666 897 730 935 eam
752 883 868 952 vocant,
897 877 949 936 sed
973 878 1035 938 hoec
1057 880 1123 957 ipse
1145 899 1210 956 quaa

97 985 182 1038 esset
211 983 291 1038 inter
320 1001 396 1053 aves,
431 983 482 1058 qni
513 999 544 1038 se
572 981 648 1038 scire
678 979 799 1052 diceret,
829 998 887 1038 non
916 976 1047 1040 inveni“.
1072 1011 1114 1022 -
1138 984 1208 1041 985.

98 1077 205 1142 oculis
228 1083 417 1142 cenaturum
438 1081 553 1140 Nonius
575 1105 604 1160 p.
632 1084 701 1142 230.

190 1187 263 1244 986.
294 1185 355 1244 Nec
388 1183 495 1256 „Tam“
528 1205 581 1242 neo
613 1181 723 1260 „Iem“,
756 1191 790 1243 ut
819 1184 910 1261 vulgo
939 1183 1047 1257 editur,
1081 1187 1209 1261 intelligi

99 1293 212 1365 potest.
260 1287 324 1346 Ba:
362 1287 476 1362 „Hasce
499 1293 566 1345 ante
590 1287 670 1346 aedis
693 1283 834 1346 circnst“.
881 1285 982 1346 Ribb.:
1010 1286 1122 1360 „Petet
1138 1273 1208 1346 ente

101 1387 220 1450 aedis“.
255 1389 338 1460 Mihi,
363 1409 427 1466 qua
446 1397 513 1446 ante
531 1389 578 1449 est
595 1393 707 1467 scripta
723 1395 802 1460 sunt,
826 1409 862 1446 ex
879 1409 1014 1466 personas
1033 1395 1106 1448 nota
1126 1389 1208 1462 „Mil

102 1489 189 1551 anc.“
205 1499 275 1552 orte
287 1493 435 1551 videntur.
454 1521 496 1532 -
514 1486 584 1551 ludi
594 1487 735 1566 faciendi
746 1492 825 1551 Cam.
845 1521 886 1532 -
907 1493 977 1552 987.
991 1485 1210 1552 Dissimulabo

100 1615 157 1672 pro
190 1590 375 1669 „simulabo“
407 1601 550 1671 sequente
580 1596 748 1670 negatione.
771 1623 814 1635 ···
835 1609 935 1669 neque
957 1589 1142 1669 etiamdum,
1171 1595 1208 1654 cl.

100 1697 210 1756 Pseud.
226 1699 295 1756 961.
322 1697 397 1756 Rud.
415 1699 504 1756 1381.
528 1696 646 1755 Trucul.
662 1699 733 1756 320.
763 1696 829 1755 Ter.
844 1695 950 1756 Heaut.
977 1697 1047 1755 229.
1072 1726 1114 1736 -
1137 1698 1207 1756 988.

103 1795 250 1876 „ecquid“
284 1800 332 1858 Br.
368 1829 408 1840 -
442 1801 513 1858 989.
548 1793 637 1858 Num
672 1795 743 1876 quis
775 1814 858 1872 nam,
893 1820 921 1858 v.
945 1798 983 1857 ad
1004 1799 1112 1876 Amph.
1138 1801 1208 1858 317.

101 1903 171 1962 flac
194 1904 295 1962 omnia
318 1903 355 1960 ad
379 1906 507 1980 primum
530 1903 635 1980 pedem
658 1907 821 1980 pertinent,
846 1901 881 1961 ll.
904 1901 1053 1979 „Numqui
1076 1898 1153 1961 hic“.
1167 1931 1210 1943 ·-

104 2007 175 2064 990.
205 2001 284 2082 quid
307 2019 399 2082 aqam
421 2004 501 2063 Cam.
547 2004 661 2064 Deinde
683 2005 775 2064 idem:
814 2007 884 2080 „qui
915 2005 951 2062 de
980 2006 1099 2081 uesperi
1123 2008 1209 2064 uiuat

101 2105 194 2181 suo“;
225 2107 276 2166 sed
301 2109 481 2167 contrarium
504 2109 677 2184 requiritur,
700 2127 767 2166 nam
791 2102 829 2166 de
851 2103 976 2182 uesperi
1003 2121 1063 2166 8140
1090 2103 1208 2180 uiuere,

101 2211 149 2268 vel
172 2210 209 2267 de
233 2231 287 2270 suo
311 2230 426 2282 cenare,
450 2217 496 2268 est
518 2230 586 2268 sues
608 2230 656 2269 res
679 2230 792 2283 curare,
815 2209 1025 2268 v.Rud.181:
1053 2209 1103 2284 „Si
1120 2216 1154 2268 tu
1173 2208 1210 2268 dc

102 2313 220 2372 illarum
244 2320 402 2372 cenaturus
425 2315 544 2390 uesperi
566 2333 606 2386 es,
630 2312 693 2372 Illis
711 2311 873 2371 curandum
897 2331 1009 2384 censeo,
1033 2311 1208 2388 Sceparni03

102 2415 133 2474 Si
167 2415 248 2493 apud
282 2415 350 2474 med
383 2407 512 2488 esuru's,
546 2415 619 2474 mihi
653 2415 746 2474 dicari
779 2435 902 2493 operam
935 2410 1034 2474 uolo“.
1089 2413 1208 2473 Trucul.

109 2519 182 2577 138:
218 2519 273 2592 „h
303 2517 397 2577 Nimis
427 2520 554 2578 otiosum
578 2525 608 2576 te
637 2518 767 2577 arbitror
796 2518 943 2576 hominem
975 2537 1047 2576 esse.
1091 2517 1128 2575 D.
1152 2517 1224 2588 Qui·

105 2616 273 2680 arbitrare?
296 2623 331 2679 A.
356 2621 432 2693 Quis
454 2627 507 2680 tuo
529 2623 709 2680 uestimento
731 2627 763 2679 et
780 2621 845 2680 cibo
863 2621 968 2678 alienis
986 2619 1073 2678 rebus
1092 2615 1209 2678 ouras“.

105 2722 209 2800 Itaque
231 2743 287 2802 pro
311 2723 407 2782 altero
434 2719 523 2799 „qui“
548 2739 647 2798 neque
670 2725 784 2802 scripsi.
830 2723 995 2800 Tyrrellius
1018 2741 1109 2798 quum
1130 2725 1210 2779 recte

105 2826 366 2886 animadvertisset
384 2827 578 2886 relativarum
597 2827 813 2884 sententiarum
836 2845 897 2885 non
919 2825 1042 2884 eandem
1064 2827 1210 2882 rationem

105 2947 166 2986 esse
190 2921 251 3003 („is
273 2929 358 2987 there
381 2949 439 3004 any
461 2947 516 2987 one
539 2935 571 2988 to
594 2949 650 3006 pry
672 2931 736 2987 into
759 2949 809 3004 my
831 2928 953 3004 doings,
981 2925 1046 2986 who
1070 2945 1209 2984 concerns

105 3031 224 3090 himself
248 3031 320 3090 with
349 3031 434 3089 other
462 3031 593 3108 psople’s
621 3031 765 3104 business,
804 3031 871 3092 who
901 3031 973 3090 lives
1001 3035 1032 3087 at
1065 3029 1111 3088 his
1145 3049 1210 3090 own

104 3133 225 3211 charges
248 3134 308 3192 and
330 3133 489 3206 therefore,
514 3139 567 3192 not
585 3133 694 3208 having
711 3141 742 3192 to
760 3135 831 3192 look
849 3133 925 3192 alter
943 3133 989 3192 his
1012 3153 1076 3190 own
1099 3131 1208 3205 affairs,

106 3235 156 3294 has
178 3237 282 3314 plenty
301 3237 334 3295 ol
348 3237 421 3294 time
440 3243 473 3294 to
492 3236 598 3295 devote
616 3243 647 3296 to
666 3237 753 3294 other
771 3231 949 3314 people'e“),
972 3241 1007 3294 ut
1023 3235 1085 3293 haec
1097 3235 1207 3294 discre-

106 3341 206 3416 pantia
240 3345 416 3418 appareret,
458 3340 555 3417 primo
594 3345 625 3397 et
657 3343 749 3398 tertio
783 3339 849 3398 loco
882 3339 1075 3397 indicativum
1108 3339 1210 3414 posuit

105 3435 242 3515 („cnrat“
287 3447 317 3500 et
354 3437 495 3518 ,uiuit“),
537 3441 588 3500 sed
628 3441 683 3500 hoo
716 3441 841 3500 Plautus
882 3461 986 3500 curere
1025 3459 1084 3499 non
1123 3441 1206 3511 solet,

105 3564 171 3618 nso,
221 3548 249 3603 si
294 3550 441 3617 curasset,
493 3565 550 3604 non
595 3545 758 3603 sententias
802 3545 859 3602 alio
904 3545 1007 3604 ordine
1050 3544 1207 3620 posuisset.

104 3675 143 3686 -
175 3649 247 3706 992.
281 3645 338 3706 Ed.
372 3667 436 3726 pr.:
480 3645 592 3716 ,Domo
626 3650 650 3705 si
683 3647 743 3705 ibit
776 3667 809 3706 ac
843 3647 912 3706 dum
946 3647 1004 3706 huc
1036 3641 1206 3716 transibit“,

103 3769 166 3826 quse
194 3749 261 3808 edd.
293 3750 345 3808 alii
374 3733 461 3808 aliter
490 3749 650 3808 emendare
681 3751 780 3808 conati
809 3755 887 3826 sunt,
922 3749 1004 3807 velut
1025 3747 1120 3818 Acid,
1155 3747 1206 3805 R.:

106 3853 249 3925 „Domina
271 3855 297 3910 si
320 3853 397 3910 clam
422 3851 509 3910 domo
527 3851 584 3911 huc
603 3851 780 3926 transibit“;
804 3853 926 3930 Haupt,
950 3851 1036 3910 Lon:
1063 3849 1208 3922 „Domine

103 3955 152 4013 uhi
173 3961 307 4015 actutum
331 3955 387 4012 huc
410 3952 588 4026 transibit“;
620 3953 722 4026 Koch,
752 3955 818 4014 Bu:
852 3954 966 4028 „Domo
995 3955 1019 4012 si
1044 3952 1208 4010 clanculum

103 4057 156 4116 huc
173 4053 353 4129 transibit“;
372 4056 496 4116 Luchs:
525 4057 638 4129 „Domo
659 4077 713 4116 sua
731 4061 802 4134 quia
819 4058 876 4116 huc
887 4051 1085 4126 transbitat“;
1103 4053 1205 4112 Ribb.:

106 4159 215 4233 „Domo
245 4161 355 4220 silente
377 4159 447 4218 dum
475 4159 532 4218 huc
554 4157 726 4232 transibit“‚
756 4163 855 4218 omnis
877 4179 978 4237 preve,
1007 4177 1076 4216 nam
1098 4157 1207 4216 mulier
1266 4221 1271 4234 ι

104 4267 218 4323 omnino
248 4283 308 4322 non
337 4262 496 4336 transibit;
525 4257 718 4340 militemged
748 4283 779 4324 se
806 4264 934 4322 transire
961 4261 1042 4334 vult3
1071 4259 1151 4336 quod
1180 4261 1205 4316 si

105 4369 225 4425 maxime
254 4367 420 4424 transitura
449 4371 524 4438 erat,
555 4366 688 4424 nondum
715 4385 750 4424 eo
777 4385 824 4424 res
847 4363 976 4424 deducte
1003 4367 1063 4436 est3
1092 4361 1140 4420 hic
1169 4360 1206 4420 de
