2940 5008
222 475 284 536 284
650 467 729 522 Miles
748 467 897 535 gloriosus.
1001 437 1004 444 Ι

304 629 379 742 868.
406 657 492 738 Quae
514 657 599 738 eupit
627 665 678 721 vix
699 677 801 720 verum
825 667 880 718 est.
902 659 1019 719 Acidal.
1045 656 1202 734 „Quaene“
1227 660 1331 720 uoluit

222 760 271 842 (R.
303 759 470 842 „Quaeu“),
504 762 602 822 (iuiet.
634 760 767 839 „Quin“;
801 763 853 823 sed
886 765 972 821 nimis
1005 763 1104 822 subito
1139 769 1169 822 et
1197 763 1330 842 abrupte

221 871 358 946 sequitur
385 869 580 944 interrogatio
609 867 722 924 militis.
766 865 1018 943 Exspectabatur:
1056 864 1134 936 „Sed
1157 865 1228 942 quid
1257 863 1330 924 ais?

221 969 294 1046 quid
316 971 369 1029 illa
390 971 530 1028 iaciemus
553 965 665 1028 cett.?“
707 967 804 1027 Habet
826 972 924 1042 etiam,
947 987 1005 1046 quo
1027 989 1058 1025 se
1081 967 1267 1027 commendet
1289 967 1330 1025 F.

221 1072 376 1132 Schmidtii
407 1073 502 1144 ratio,
531 1073 583 1148 qui
612 1073 688 1130 Aun.
717 1069 821 1148 philol.
844 1071 902 1132 vol.
926 1070 1024 1148 suppl.
1047 1069 1092 1128 IX
1120 1091 1150 1147 p.
1176 1071 1234 1128 323
1258 1089 1328 1146 sqq.

220 1193 267 1232 vv.
293 1177 437 1234 968-79
461 1177 579 1252 spurios
600 1173 700 1232 babet.
745 1172 818 1230 Nam
847 1171 908 1231 haec
930 1173 1109 1232 consultatio
1132 1171 1169 1230 da
1192 1171 1328 1230 Philoco-

222 1277 315 1336 masio
338 1275 517 1336 dimittenda
533 1276 613 1335 inira
634 1276 842 1335 1088—1122
860 1275 948 1347 redit,
973 1279 1002 1332 et
1024 1275 1085 1333 illic
1108 1273 1229 1350 quidem
1251 1275 1328 1350 quin

144 1399 146 1404 ·
220 1399 274 1438 suo
306 1379 372 1437 loco
405 1379 522 1455 legatur
551 1377 683 1438 dubitari
711 1379 825 1454 nequit,
857 1377 906 1436 hie
939 1379 1049 1456 optime
1083 1376 1187 1435 obesse
1215 1378 1326 1454 potnit.

221 1481 331 1540 Verum
364 1479 463 1538 obstat
496 1481 576 1556 quod
608 1501 635 1538 v.
670 1482 747 1540 1091
779 1500 822 1556 sq.
852 1479 1009 1538 Paloestrio
1043 1480 1085 1538 ait
1116 1499 1147 1538 se
1174 1479 1236 1538 haeo
1264 1481 1327 1538 iam

220 1583 310 1642 semel
333 1581 453 1640 dixisse.
495 1581 580 1654 Quod
603 1583 628 1641 si
650 1584 771 1659 gravius
793 1582 869 1640 benc
892 1581 1023 1642 fabulam
1045 1587 1238 1640 retractatam
1261 1601 1329 1640 esse

219 1687 389 1758 statuimus,
422 1691 522 1744 tumen
550 1705 609 1744 non
635 1685 731 1758 video,
765 1705 824 1762 quo
853 1684 941 1743 modo
970 1685 1107 1761 cuiquam
1136 1686 1167 1743 in
1194 1689 1328 1743 mentam

219 1789 320 1847 venire
336 1791 471 1866 potuerit
486 1787 548 1847 bac
570 1787 689 1862 addere,
711 1793 747 1847 ut
762 1787 840 1846 inira
858 1788 971 1845 diceret
993 1806 1028 1844 ea
1049 1788 1108 1844 iam
1130 1787 1221 1845 semol
1244 1787 1329 1846 dicta

221 1911 301 1963 esse;
335 1892 435 1967 potius
464 1891 562 1967 ipsum
590 1895 707 1968 poetam
741 1893 819 1948 inter
852 1888 1041 1948 scribendum
1068 1889 1130 1946 baec
1164 1909 1328 1967 occupasse

220 1994 319 2064 credo,
349 1991 456 2070 quibus
478 1995 529 2070 qui
552 1999 658 2068 postea
678 1993 797 2052 iuturus
819 1999 898 2052 esset
920 1992 1002 2052 locus
1024 1992 1157 2050 nondum
1179 1991 1326 2069 liquebat.

223 2123 262 2134 -
284 2089 454 2153 concubino
478 2109 555 2172 quae
577 2089 663 2154 domi
684 2095 731 2154 cst
759 2095 806 2154 ed.
829 2115 876 2173 pr.
900 2125 941 2136 —
965 2097 1034 2154 969.
1060 2090 1149 2170 mccl,
1179 2115 1258 2167 nam,
1288 2096 1326 2154 ol.

222 2199 430 2256 tao-970.
455 2193 513 2256 brer
534 2195 658 2275 pomino
682 2197 766 2257 Grut.
786 2227 826 2238 —
846 2199 917 2256 971.
941 2191 1014 2256 Eho
1036 2195 1070 2256 R.
1104 2197 1187 2256 idem
1214 2198 1327 2272 „adue-

220 2294 340 2371 nitne“;
379 2319 437 2358 non
472 2319 561 2376 opus,
600 2320 628 2358 v.
659 2299 696 2358 ad
719 2300 826 2378 Ampb.
852 2303 921 2358 718.
955 2329 998 2340 -
1031 2301 1102 2358 972.
1148 2294 1325 2360 aelredum.

220 2401 322 2460 Lamb.
348 2398 559 2476 „extrudam“;
588 2403 722 2462 codicum
745 2406 923 2480 scripturam
946 2403 1012 2461 iure
1034 2401 1168 2460 defendit
1189 2402 1325 2479 Langen.

219 2525 249 2582 p.
275 2505 334 2562 250
359 2524 402 2581 sq.
427 2511 457 2562 at
486 2506 552 2564 aliis
575 2505 673 2564 allatis
696 2511 727 2564 et
747 2507 828 2564 Asin.
855 2507 924 2564 589.
942 2533 984 2545 -
1004 2507 1075 2564 974.
1092 2519 1155 2580 per
1175 2501 1325 2581 qratiam,

220 2627 285 2665 cum
312 2610 423 2684 gratia,
453 2610 623 2686 oppositum
655 2605 840 2685 „ingratiis“‚
873 2608 908 2666 of.
942 2610 1032 2666 1119.
1059 2609 1149 2666 1193.
1179 2637 1223 2648 -
1252 2609 1325 2667 976.

220 2703 376 2768 emenoni
405 2707 501 2784 Cam,
537 2709 573 2768 cf.
605 2711 674 2770 745.
703 2739 747 2750 —
774 2713 845 2770 977.
875 2708 1002 2787 auferre
1029 2711 1060 2769 ct
1091 2705 1147 2770 abs
1181 2710 1210 2768 te
1239 2703 1328 2770 obire

220 2811 362 2872 Ribbeck.
393 2841 430 2853 -
461 2807 566 2872 lubeat
593 2813 638 2872 ed.
667 2834 712 2892 pr.
748 2843 791 2854 -
823 2806 887 2873 sibi
915 2814 1032 2872 dativus
1066 2813 1181 2872 ethicus
1211 2819 1258 2872 est
1285 2811 1325 2871 ad

223 2911 341 2985 „ebire“
366 2915 485 2974 relatus.
509 2943 553 2954 —
575 2918 646 2974 978.
670 2915 700 2976 el
721 2916 789 2975 add.
809 2917 859 2974 Βι·.
883 2943 924 2956 -
947 2915 1046 2974 mutet
1065 2911 1170 2991 fidem,
1194 2916 1232 2974 ci.
1255 2915 1323 2974 Ter.

220 3017 338 3077 Phorm.
364 3019 434 3076 512.
457 3046 499 3058 -
523 3019 593 3076 979.
618 3013 789 3095 delicatu's,
820 3020 935 3088 iocaris,
959 3039 986 3077 v.
1011 3019 1049 3076 ad
1070 3017 1160 3076 Most.
1186 3019 1258 3076 929.
1282 3047 1324 3058 -

220 3133 298 3195 quoe
331 3119 358 3177 te
391 3119 479 3192 amet,
515 3119 549 3178 of.
576 3122 624 3180 66.
659 3151 702 3160 -
736 3115 1038 3196 monumentor,
1067 3121 1112 3178 his
1142 3120 1218 3178 enim
1249 3120 1325 3180 nihil

221 3223 325 3294 curius,
349 3241 376 3280 r.
397 3221 435 3279 ad
452 3221 537 3281 Cure.
560 3225 607 3281 15.
637 3222 732 3283 Catul.
758 3225 785 3296 3,
811 3227 839 3282 5.
866 3226 914 3296 14,
941 3225 967 3281 1.
998 3225 1047 3296 82,
1074 3225 1100 3280 1.
1125 3223 1161 3280 al.
1185 3251 1228 3262 -
1251 3224 1324 3282 980.

221 3317 260 3382 St
281 3322 360 3382 Cam.
383 3351 426 3364 -
451 3320 592 3399 aperitur
618 3325 705 3385 Both.
737 3355 774 3366 -
805 3327 876 3385 981.
900 3319 1001 3396 celox,
1031 3345 1058 3383 v.
1083 3325 1120 3384 ad
1142 3327 1225 3383 Asin.
1252 3327 1324 3398 256,

220 3425 356 3484 navicula
377 3431 501 3504 propter
529 3427 710 3488 celeritatem
740 3433 771 3487 et
794 3429 832 3488 ed
855 3429 1065 3508 speculandum
1088 3433 1119 3486 at
1141 3428 1179 3485 ud
1202 3430 1326 3488 nuutios

220 3527 358 3587 ferendos
386 3534 471 3606 apta,
500 3535 535 3588 ut
555 3531 585 3588 h.
608 3531 628 3588 1.
653 3525 855 3591 internuntia.
879 3561 922 3572 -
942 3525 1034 3590 illius
1064 3532 1111 3590 est
1131 3530 1163 3590 (l.
1189 3561 1226 3570 -
1251 3526 1326 3591 binc

221 3629 392 3690 Beroaldus.
416 3661 457 3672 -
482 3633 542 3691 982
571 3652 636 3691 cum
667 3633 822 3709 Seyffertio
850 3641 880 3693 et
901 3634 950 3693 Br.
975 3636 1107 3712 spurium
1136 3634 1241 3694 habeo.
1286 3635 1322 3694 R.

221 3734 412 3793 emendabat:
438 3733 517 3808 „PY.
541 3734 611 3806 Qua
624 3735 727 3793 celox?
749 3735 809 3795 PA.
833 3737 1011 3795 Ancillulast
1028 3737 1117 3808 illius,
1142 3757 1218 3814 quae
1236 3755 1321 3812 egre·

221 3835 301 3894 ditur
323 3833 433 3912 loras“,
456 3859 482 3897 v.
508 3837 615 3915 Opusc.
638 3837 667 3895 II
689 3859 718 3912 p.
733 3839 792 3896 685
818 3858 861 3915 sq.
885 3867 927 3880 —
950 3840 1021 3898 983.
1046 3834 1119 3898 dedi
1141 3841 1186 3899 ed.
1210 3860 1257 3917 pr.
1280 3869 1323 3880 —

221 3940 292 3998 984.
316 3933 503 4014 Pithecium,
535 3943 675 4012 πιθηκίον,
707 3941 802 3998 simia.
847 3939 948 4000 Lamb.
974 3940 1060 4000 effert
1089 3941 1177 4000 Ennii
1205 3963 1322 4001 versum

223 4037 296 4112 (sat.
319 4061 346 4100 v.
370 4035 425 4116 45)
463 4041 572 4116 „Simia
601 4062 689 4118 quam
718 4043 838 4117 similis,
868 4045 1042 4120 turpissima
1069 4045 1177 4115 bestia,
1204 4041 1322 4104 nobis“.

221 4143 256 4202 cl.
277 4143 315 4201 ad
331 4143 420 4202 Most.
435 4146 505 4204 870.
528 4173 571 4184 --
592 4139 848 4219 spinturnitium.
889 4145 969 4204 Fest.
994 4166 1023 4223 p.
1049 4147 1109 4206 330
1133 4167 1192 4224 sq.:
1219 4147 1324 4226 „Spin-

220 4249 320 4319 tyrnix
343 4252 388 4304 est
411 4248 474 4305 avis
496 4267 588 4323 genus
610 4249 708 4324 turpis
735 4244 838 4322 figures
932 4247 995 4306 -Ea
1019 4247 1120 4308 Graece
1143 4251 1261 4325 dicitur,
1288 4259 1326 4309 ut

221 4349 264 4404 eit
286 4347 403 4423 Santra,
434 4345 615 4424 σπινθαρίς“.
661 4349 736 4408 Plin.
763 4349 797 4408 H.
821 4349 856 4408 N.
880 4350 918 4422 X,
949 4353 1005 4409 36:
1043 4353 1250 4430 „inauspicata
1278 4359 1325 4413 cst
