2982 5020
602 495 634 546 v.
653 497 744 548 9-19.
1170 501 1230 562 297
1310 511 1317 531 x

84 684 182 744 collo
215 690 318 747 acclivi
345 691 446 766 posita
474 689 626 748 subitariis
655 691 797 763 gradibus
827 689 1031 758 muniebatur,
1066 710 1102 749 eo
1131 697 1230 748 tamen
1320 685 1323 697 ¹

82 796 230 850 servato
253 792 372 864 ordine,
404 797 438 850 ut
459 793 593 869 proxima
616 811 740 868 qunque
763 774 934 869 spectacula
956 792 1177 852 honestioribus
1200 795 1231 852 et

81 891 351 971 locupletioribus
379 899 585 968 servarentur,
619 917 647 953 v.
677 894 714 952 ad
742 894 826 972 Oapt.
858 896 905 954 15.
950 893 1023 954 Inda
1051 895 1088 954 ab
1118 917 1144 954 a.
1171 898 1230 956 194
1280 939 1287 948 ·

81 1003 243 1056 sonatum
271 999 405 1056 novimus
432 1020 450 1057 a
476 997 588 1074 populo
616 997 732 1075 reliquo
760 1003 905 1056 sacratum
933 1003 1097 1076 spectasae;
1133 1005 1232 1058 cetera
1274 983 1280 990 ’

82 1118 161 1174 quo
189 1106 324 1178 tempore
347 1121 470 1177 quaeque
493 1100 632 1160 ordinata
654 1102 726 1172 sint,
755 1104 940 1175 ignoramus,
968 1121 1021 1159 neo
1050 1101 1137 1160 huius
1159 1123 1228 1180 pro-

82 1201 162 1276 logi
189 1208 326 1280 tempore
348 1223 473 1281 prorsus
496 1209 579 1262 certa
602 1205 678 1262 ratio
701 1207 753 1261 ant
775 1203 913 1262 instituto
936 1208 988 1262 aut
1009 1209 1127 1263 servata
1149 1205 1229 1264 vide-

83 1309 162 1364 tur.
211 1305 258 1363 Ita
279 1306 343 1364 fieri
365 1309 479 1384 potuit,
507 1313 541 1365 ut
563 1305 701 1365 scortum
724 1300 877 1365 exoletam
897 1307 977 1364 inter
998 1307 1111 1383 primos
1134 1308 1229 1366 locum

84 1413 275 1486 occuparet,
300 1409 369 1467 dum
393 1429 460 1468 eum
484 1404 661 1468 dictersius
683 1411 885 1482 magistratus,
911 1411 962 1485 qni
985 1409 1070 1472 ludos
1092 1409 1227 1482 faciebat,

86 1511 239 1570 convicio
262 1516 292 1570 et
314 1514 463 1589 virgarum
486 1518 566 1570 metu
589 1512 760 1590 expclleret.
812 1527 851 1569 rte
873 1507 957 1588 quod
978 1513 1082 1589 scripsi
1105 1533 1170 1570 cum
1192 1513 1227 1571 R.

86 1611 225 1689 Parcrg.
248 1634 277 1690 p.
302 1617 378 1688 21ος
412 1615 563 1674 Acidalius
593 1612 695 1691 „qnis“
726 1615 770 1672 ita
798 1614 989 1690 defendebat,
1017 1619 1051 1673 nt
1081 1621 1228 1688 ,scortum

89 1714 270 1776 exoletum“
301 1737 357 1795 pro
384 1720 521 1794 genetivo
554 1718 680 1796 pluralis
714 1716 852 1792 haberat,
886 1717 938 1776 sed
970 1717 1027 1778 hoo
1060 1737 1116 1796 pro
1146 1725 1227 1778 carto

88 1839 212 1896 genere
235 1822 306 1898 poni
329 1841 389 1880 non
411 1825 520 1898 potest.
562 1821 761 1898 Geppmsle:
788 1817 922 1897 „qnasi“.
946 1851 988 1860 -
1012 1814 1227 1895 Prooemium,

89 1925 115 1981 i.
145 1944 173 1982 6.
198 1903 281 1983 locui
314 1929 382 1982 anta
416 1943 546 1997 scenam,
581 1924 671 1998 vulgo
705 1923 814 1981 dieitur
846 1931 1016 2000 suggestum
1050 1924 1227 1984 histrionum

91 2028 182 2085 actui
211 2027 407 2098 destinatum,
437 2027 603 2104 pulpitum,
632 2029 751 2102 λογεῖον,
780 2033 813 2082 ut
836 2027 942 2105 Amph.
967 2029 1021 2099 91,
1056 2027 1108 2084 sed
1136 2047 1226 2104 quum

90 2130 147 2189 hic
171 2131 255 2189 loeus
278 2133 367 2189 etiam
391 2145 483 2189 scena
505 2129 632 2201 dicatur,
656 2134 690 2188 ut
712 2129 788 2188 infra
810 2151 837 2187 v.
856 2131 906 2204 20,
929 2128 964 2186 fit
985 2135 1020 2188 ut
1041 2133 1227 2206 proscenium

94 2236 221 2294 dicatur
243 2253 307 2310 qnae
331 2239 398 2292 ante
421 2234 497 2291 hanc
519 2251 635 2291 scenam
658 2237 740 2305 sunt,
769 2232 789 2288 i.
812 2252 836 2289 e.
862 2233 1031 2308 spectacula
1052 2241 1105 2291 nut
1127 2237 1227 2292 omnio

95 2343 154 2396 aut
182 2339 296 2414 prima,
330 2355 394 2412 quae
429 2334 616 2394 senatoribus
649 2341 679 2392 61
707 2335 827 2392 omnino
860 2335 1055 2394 nobilioribus
1090 2356 1227 2395 concesso

94 2447 200 2512 erant;
223 2441 266 2498 ibi
288 2445 387 2498 scorta
410 2439 528 2497 exoleta
549 2437 652 2496 sedere
674 2437 817 2514 prologus
839 2457 898 2494 non
921 2438 1044 2514 patitur.
1096 2439 1140 2496 De
1162 2445 1226 2497 tota

96 2563 189 2600 cavea
222 2543 324 2619 posuit
350 2541 510 2600 Suetonius
538 2540 606 2599 Ner.
643 2541 680 2599 12
712 2545 742 2597 61
771 2539 825 2612 26,
864 2539 915 2597 ubi
945 2539 1101 2598 Neronem»
1123 2547 1226 2600 narrat

93 2645 250 2704 interdum
280 2666 296 2703 e
325 2646 472 2720 proscenii
502 2643 622 2717 fastigio
650 2647 702 2702 aut
732 2662 767 2700 611
795 2646 881 2718 parta
903 2645 1049 2719 proscenii
1072 2647 1225 2720 superiore

93 2748 186 2807 ludos
219 2752 382 2826 spectasse3
417 2749 507 2805 etiarn
536 2745 716 2805 Claudianus
744 2745 824 2803 lond.
847 2744 911 2804 Stil.
936 2745 1079 2819 11,403:
1116 2746 1223 2820 „Pom-

95 2853 206 2930 peiano
229 2851 345 2908 dabunt
366 2855 494 2926 quantos
517 2850 671 2926 proscenis
692 2842 845 2926 plausua“.
892 2847 935 2906 De
955 2847 1020 2906 Liv.
1041 2848 1103 2922 XL,
1130 2851 1179 2920 51,
1207 2853 1223 2909 3

96 2959 128 3012 61
152 2953 243 3012 Orell.
266 2953 357 3010 Insor.
383 2950 448 3010 Lat.
475 2953 570 3010 3303:
608 2951 778 3025 „theatrum
808 2957 839 3011 61
866 2946 1071 3026 proscenium“
1096 2951 1223 3010 forsitan

96 3057 230 3116 dubitari
251 3057 354 3132 possit,
377 3055 427 3113 aed
450 3074 564 3113 omnam
588 3054 806 3112 dubitationem
829 3053 910 3112 tollit
928 3053 1035 3112 titulus
1053 3053 1224 3113 Putarensis

97 3161 130 3219 C.
149 3159 172 3217 l.
192 3159 226 3218 G.
245 3160 343 3229 4283,
371 3157 423 3216 ubi
445 3157 612 3216 celebratur
635 3157 740 3215 mulier
763 3177 828 3232 quaa
851 3157 967 3227 ἀνέθηκα
989 3156 1035 3214 καὶ
1056 3160 1225 3234 καθιέρωσεν

97 3264 129 3319 τό
150 3284 179 3318 τε
201 3263 365 3337 προσκήνιον
382 3261 506 3317 ...aaz
526 3261 572 3330 τήν
595 3261 641 3317 rosi
669 3263 777 3337 λογείου
806 3261 976 3331 κατασκευήν.
1028 3259 1224 3318 Banndorfius

97 3366 186 3424 huius
209 3365 267 3423 loci
291 3365 509 3422 enarrationem
535 3383 570 3421 ex
593 3363 783 3440 Alciphronis
807 3384 851 3441 ep.
875 3362 914 3440 Il,
938 3366 967 3437 4,
993 3367 1009 3424 5
1033 3363 1149 3440 petivit,
1173 3363 1224 3422 ubi

98 3469 225 3542 Glycera
242 3467 278 3525 de
291 3465 469 3524 Menandro:
494 3467 548 3536 ἥτις
566 3459 637 3540 αὐτῷ
653 3466 698 3522 καὶ
715 3451 756 3522 τὰΙ
766 3471 928 3543 προσωπεῖα
945 3467 1110 3532 ὁιασκευάζω
1122 3466 1167 3522 καὶ
1177 3467 1224 3531 τὰς

98 3571 219 3642 ἐσθῆτας
247 3570 344 3636 duddo,
372 3569 421 3625 κᾶν
444 3573 498 3634 τοῖς
526 3571 699 3645 προσκηνίσις
722 3569 819 3640 ἕστηκα
847 3571 908 3634 τοὺς
937 3571 1082 3634 δακτύλους
1111 3569 1224 3644 ἐμαυτῆς

99 3675 228 3741 πιέζουσα
251 3673 296 3729 καὶ
317 3674 465 3748 τρέμουσα,
496 3671 545 3736 ἕως
573 3673 605 3728 ἂν
635 3675 780 3749 κροταλίσῃ
808 3675 839 3728 τὸ
861 3675 995 3749 θέατρον,
1028 3673 1076 3730 hio
1105 3691 1223 3749 quoque

97 3777 237 3835 mulieres
265 3775 433 3849 intelligens
462 3773 638 3833 histrionum
671 3776 779 3834 amicos
808 3779 877 3852 post
905 3795 1022 3834 scenam
1056 3779 1222 3848 versantem

99 3879 151 3938 sed
168 3877 247 3954 apud
264 3877 397 3954 Alciphr.
431 3877 599 3936 Meinelriue
616 3883 696 3936 recta
713 3882 907 3954 παραπλησίοις
924 3879 1077 3954 scripsisse
1094 3877 1222 3937 videtur.

100 4011 139 4020 —
167 3981 214 4038 18.
237 3973 368 4040 uerbum
389 3975 546 4052 1111116111,
571 3979 698 4039 61.Μ611.
713 3981 789 4039 698:
817 3981 961 4054 ,Muttire
983 3981 1107 4039 uerbum
1130 4000 1222 4039 unum

101 4083 190 4141 andes
219 4087 271 4140 aut
298 4101 411 4141 mecum
441 4079 564 4158 loqui?“
610 4081 755 4160 Prologus
784 4085 864 4160 quod
893 4083 948 4143 hoc
970 4088 1069 4157 vetat,
1103 4103 1162 4142 non
1185 4083 1222 4141 li-

100 4187 203 4244 centiae
221 4185 313 4257 favet,
336 4175 590 4244 sad'coercitions
612 4205 687 4263 opus
710 4205 773 4245 6666
795 4207 855 4246 11611
877 4187 950 4247 vult.
1005 4181 1118 4262 11119116
1144 4191 1221 4244 mut·

100 4289 154 4346 tire
182 4287 326 4348 translata
354 4287 502 4346 dicuntur.
534 4318 576 4326 -
612 4290 659 4346 19.
689 4283 900 4364 dissignator,
935 4291 986 4366 qni
1008 4309 1093 4348 suum
1117 4289 1222 4366 cuique

100 4391 194 4450 loenm
222 4389 415 4462 ostendebat3
449 4392 480 4448 in
508 4389 599 4448 titulo
627 4389 759 4449 Romano
788 4391 818 4449 C.
843 4391 865 4450 I.
891 4391 923 4450 L.
950 4391 1003 4465 VI,
1041 4393 1053 4449 1
1085 4411 1114 4449 n.
1141 4391 1221 4450 1074
