2982 5020
1071 296 1088 340 'e

264 407 325 467 312
749 400 895 458 Poenulus.

261 595 389 656 Abiturn
410 598 544 656 ancillam
568 595 652 656 iubet
674 595 840 668 amiculum,
865 595 945 672 quod
968 616 1004 654 ex
1025 603 1111 672 perte
1134 595 1306 660 deciderat,
1334 609 1401 648 sue·

262 699 367 758 tollere
400 703 430 757 et
463 718 495 758 ee
529 699 661 772 amicire;
694 698 917 775 Agorastoclem
947 703 1060 770 nutem,
1090 698 1207 758 ancillae
1235 697 1312 754 loco
1347 692 1405 750 hoc

262 805 357 861 lacere
379 807 543 876 conantem,
566 819 597 860 se
615 807 737 878 tangere
754 805 850 874 uetet3
871 814 1033 875 purumne
1050 821 1122 874 esee,
1145 820 1221 878 pure
1245 799 1404 864 lavatam,

261 913 296 963 ut
318 903 476 982 oportebat
497 923 580 962 sacra
602 905 767 963 facientem.
792 933 825 944 —
845 917 993 978 comperce
1013 918 1061 962 me
1082 899 1272 974 adtrectare,
1304 919 1338 958 v.
1366 899 1405 956 ad
1476 978 1477 981 Ἴ

262 1006 434 1086 Ερ16.463.
458 1037 499 1048 -
524 1008 593 1066 348.
620 1000 705 1082 Quid
720 1019 812 1084 aqam
827 999 935 1066 nunc?
968 1005 1037 1064 Hmc
1054 1006 1263 1086 Agorastocles
1287 1003 1405 1080 potius

261 1109 318 1168 eibi
346 1129 434 1186 quam
463 1107 643 1186 Adelphaeio
671 1109 751 1166 dicit.
812 1107 869 1166 Illa
896 1127 1056 1168 sermonem
1087 1110 1257 1168 institutam
1289 1123 1403 1184 peree-

261 1231 355 1288 queus
383 1225 490 1270 mnam
518 1207 609 1286 11000,
628 1213 756 1288 iuquit,
789 1229 827 1270 sc.
851 1211 970 1270 amiculi
992 1211 1187 1286 sustollendi,
1220 1211 1245 1269 si
1273 1210 1402 1286 sapias.

261 1314 410 1391 suscipere
433 1313 517 1374 nolis.
562 1308 665 1388 fucere
687 1308 853 1388 conpendi,
877 1333 904 1370 ι.
923 1313 960 1372 cd
977 1297 1058 1372 Asin.
1073 1315 1144 1374 305.
1183 1313 1277 1389 potes
1305 1310 1401 1381 edd.;

265 1411 402 1494 „potest“
433 1417 521 1475 etiam
544 1415 579 1474 A.
631 1415 715 1488 Quod
746 1413 894 1474 antecedit
915 1418 1118 1476 coniunctivua
1140 1412 1172 1476 ei
1194 1413 1326 1491 sapiae,
1362 1413 1400 1470 cf.

262 1517 299 1576 ad
317 1517 424 1596 Amph.
445 1520 516 1578 696.
534 1519 613 1577 inira
631 1519 701 1578 549.
721 1519 791 1578 863.
810 1547 849 1559 -
870 1520 939 1578 349.
959 1519 1162 1578 Palatinorum
1180 1517 1266 1578 codd.
1292 1517 1400 1592 scrip·

261 1626 344 1680 tura:
382 1619 479 1694 „Quid
508 1641 563 1698 ego
590 1641 667 1680 nunc
695 1626 725 1680 te
755 1641 868 1696 curem,
904 1621 975 1699 qnid
1004 1617 1115 1700 agas?“
1170 1621 1397 1697 Adelphasium

261 1721 332 1782 facit
361 1723 442 1782 ultra
470 1723 589 1782 modum
617 1742 779 1784 sermonem
810 1727 1038 1784 continuantem.
1084 1725 1182 1796 Quare
1213 1729 1292 1782 recte
1319 1723 1397 1781 Aci·

261 1825 357 1886 dalius
386 1846 441 1904 pro
473 1821 586 1902 ,nunc“
616 1841 680 1886 non
707 1827 835 1904 scripsit,
869 1845 1046 1904 quamquam
1075 1825 1151 1886 illud
1181 1827 1270 1886 etiam
1298 1827 1337 1884 in
1367 1825 1394 1884 A

261 1929 370 1988 lectum
393 1933 451 2002 ost,
486 1933 517 1988 et
542 1923 627 2004 Quid
647 1923 721 1990 aie?
753 1929 832 2006 quod
860 1930 951 1988 etiam
979 1929 1010 1988 in
1039 1933 1065 1988 A
1093 1929 1152 2005 legi
1181 1933 1212 1988 et
1234 1929 1335 2008 Gepp.
1362 1933 1396 1987 et

260 2029 391 2090 Studem.
412 2029 568 2091 affirmant.
588 2061 628 2071 --
647 2034 716 2092 350.
742 2027 798 2091 libi
815 2051 917 2091 verane
935 2051 1021 2091 causa
1039 2035 1227 2110 transposui;
1251 2053 1320 2091 nam
1346 2025 1396 2089 cit

260 2153 315 2211 pro
341 2131 421 2207 ,est“
447 2153 549 2192 sensus
572 2135 720 2210 postulal3
744 2136 865 2194 auditur
885 2130 1028 2211 ,quaeris“
1053 2135 1089 2193 of.
1115 2135 1152 2193 cd
1171 2135 1228 2214 Ep.
1251 2138 1324 2194 216.
1347 2165 1392 2174 -

262 2237 332 2296 351.
360 2233 522 2314 „namque“
542 2238 567 2296 si
585 2257 685 2296 verum
699 2241 785 2310 esset,
804 2238 889 2313 longe
908 2237 988 2296 alind
1005 2245 1179 2316 sequeretur
1196 2259 1284 2316 qnam
1304 2237 1388 2314 quod

261 2337 327 2398 edd.
341 2345 458 2418 ponunt
478 2341 579 2412 „istaec
594 2342 688 2418 magis
705 2345 758 2400 tua
777 2345 822 2398 est
842 2336 985 2398 curatio“.
1020 2339 1113 2398 Immo
1130 2353 1199 2400 mea
1215 2341 1389 2418 relinquen·

261 2441 345 2514 dum;
376 2441 503 2520 Milphio
523 2444 565 2500 ait
583 2443 640 2501 sibi
657 2444 750 2518 magis
768 2441 931 2501 curandum
950 2463 1028 2514 esse,
1052 2461 1088 2501 ne
1104 2443 1162 2501 eibi
1180 2443 1271 2502 herus
1288 2445 1387 2502 iratus

260 2547 308 2618 sit,
325 2564 413 2622 quam
430 2566 466 2604 ne
483 2545 583 2623 puella
600 2545 734 2603 amntori.
782 2542 918 2620 Exempli
935 2565 1023 2604 causa
1039 2547 1142 2622 posui:
1164 2543 1199 2604 tu
1215 2545 1252 2606 ut
1268 2541 1324 2604 sse.
1341 2575 1387 2585 -

263 2650 332 2708 353.
356 2641 441 2722 olim,
465 2669 492 2706 v.
517 2647 555 2705 ad
578 2646 641 2706 Mil.
667 2650 694 2706 2.
719 2676 761 2686 -
789 2641 895 2706 alnedo
916 2646 1006 2706 Prisc.
1030 2646 1071 2705 VI
1093 2666 1122 2724 p.
1148 2648 1218 2707 683.
1274 2647 1317 2706 De
1339 2649 1384 2706 al·
1476 2644 1477 2667 ¹

260 2769 351 2826 cyons
383 2753 445 2810 sive
479 2749 610 2810 alcedine
644 2749 805 2826 tranquillo
839 2749 943 2809 hiemis
972 2755 1108 2828 tempore
1136 2770 1192 2810 ova
1219 2752 1252 2809 in
1285 2750 1384 2808 medic

257 2855 332 2912 mari
360 2854 535 2913 excludente
564 2858 635 2912 nota
662 2873 708 2911 ree
731 2857 784 2926 est,
815 2853 850 2910 cf.
875 2852 972 2912 Cusin.
997 2855 1046 2914 26.
1078 2883 1119 2892 -
1149 2856 1220 2913 354.
1254 2848 1382 2928 „mpel-

250 2970 341 3030 pare‚
365 2953 500 3029 elicere“,
524 2955 600 3015 Non.
623 2977 653 3034 p.
681 2957 738 3014 104
762 2959 794 3014 et
814 2955 843 3014 h.
866 2957 886 3013 l.
911 2955 1035 3015 afferens
1058 2961 1088 3015 et
1110 2956 1193 3014 alios.
1249 2955 1384 3016 Auditur

258 3057 403 3118 obiectum
436 3056 587 3134 „veniam“
624 3064 676 3117 snt
712 3055 875 3136 ,gratiam“
911 3066 963 3118 ant
995 3059 1090 3117 simile
1118 3059 1200 3136 qnid.
1231 3089 1274 3098 -
1308 3062 1380 3119 355.

255 3160 371 3236 pectus,
394 3182 420 3220 v.
445 3163 483 3220 ad
505 3160 590 3238 Gapt.
615 3163 685 3220 890.
709 3191 752 3200 -
775 3162 835 3220 356
859 3163 992 3222 restitnit
1008 3161 1146 3240 Spengel.
1167 3159 1265 3220 Plaut.
1284 3183 1314 3240 p.
1330 3165 1378 3234 14,

257 3281 381 3348 quocum
405 3267 550 3322 consentit
571 3266 614 3337 A,
643 3263 680 3321 ds
704 3283 762 3341 quo
785 3262 879 3340 Gepp.
904 3270 994 3322 errat.
1045 3261 1220 3339 Superiores
1243 3264 1310 3324 edd.
1334 3271 1378 3323 te-

257 3386 351 3425 mere:
394 3365 474 3440 „Nos
497 3385 596 3425 eamus
624 3386 716 3438 nnnc3
750 3369 839 3424 etiam
868 3361 1006 3425 morare?
1038 3366 1116 3424 male
1139 3363 1247 3441 facis“;
1283 3366 1375 3445 Gepp.

260 3468 344 3544 „Non
367 3489 492 3547 aequom
515 3472 545 3528 in
567 3489 613 3528 me
631 3464 739 3528 eeaet“.
760 3497 801 3508 -
820 3471 890 3528 357.
913 3463 1014 3529 metita
1036 3485 1074 3528 ex
1095 3463 1206 3528 multis
1229 3470 1378 3544 iungenda

257 3579 327 3632 eunt
349 3573 462 3630 utalia
486 3593 522 3631 ex
545 3573 626 3646 aliis,
656 3571 733 3630 diem
756 3593 792 3630 ex
814 3571 872 3630 die.
902 3603 943 3612 -
973 3573 1043 3632 358.
1078 3565 1226 3632 Iaderare
1247 3593 1303 3651 pro
1329 3579 1376 3647 „te

256 3671 481 3748 liberaturum¹‘,
505 3699 531 3737 v.
561 3673 599 3734 ed
627 3676 709 3734 Asin.
735 3677 804 3734 597.
833 3703 876 3715 -
902 3670 1053 3736 iurauieti
1081 3673 1147 3734 edd.
1176 3671 1312 3736 necnec
1340 3678 1374 3734 A.

257 3807 296 3818 -
329 3779 398 3837 359.
430 3791 484 3855 epo
507 3775 603 3856 Gepp.
626 3776 694 3838 add.
723 3807 764 3817 -
800 3778 869 3838 360.
904 3773 999 3850 ictuc,
1028 3779 1107 3854 quod
1135 3779 1307 3856 promisisti.
1338 3809 1371 3820 —

258 3881 328 3940 361.
351 3871 431 3953 Eleu,
455 3875 533 3958 quid
554 3873 648 3956 apis?
674 3899 725 3939 cur
753 3901 813 3939 non
836 3901 898 3940 eam
922 3881 1039 3958 placare
1061 3881 1186 3954 nonaria,
1210 3886 1246 3940 ut
1267 3885 1373 3957 promi·

256 3981 342 4042 sisti?
365 4001 393 4041 u.
413 3985 482 4043 354.
502 4013 544 4022 -
567 3983 636 4043 362.
660 3999 728 4044 mea
750 3978 870 4044 delicta.
915 3983 1053 4042 Plautum
1075 3983 1104 4042 h.
1122 3985 1141 4043 l.
1159 3983 1201 4042 sic
1223 3985 1373 4061 scripsisse

256 4091 405 4146 testantur
427 4085 503 4144 Gall.
526 4085 607 4159 XIX,
631 4087 664 4158 8,
689 4088 706 4144 6
731 4091 762 4145 et
784 4086 859 4146 Non.
884 4107 913 4165 p.
936 4087 1005 4146 100.
1051 4086 1214 4161 Singularis
1236 4107 1372 4146 uumerus

256 4195 354 4248 exstat
376 4189 465 4248 etiam
488 4187 606 4249 Trucul.
626 4191 703 4262 9083
725 4191 756 4248 in
779 4190 884 4248 ceteris
906 4189 979 4249 locis
1001 4187 1086 4248 codd.
1109 4189 1208 4248 Plauti
1230 4189 1371 4267 pluralem

256 4291 400 4370 praebent,
421 4313 449 4351 v.
463 4291 552 4349 Most.
569 4293 616 4350 14.
640 4291 745 4350 Pseud.
768 4294 836 4352 179.
851 4295 921 4352 228.
946 4293 1027 4352 Pers.
1042 4294 1112 4352 205.
1136 4291 1226 4353 Stich.
1242 4295 1313 4353 737.
1336 4294 1369 4353 cl.
