2982 5020
250 465 310 526 332
734 461 882 518 Poenulus

248 661 344 716 trema
372 663 520 734 corrupta.
576 656 653 716 Edu.
677 677 742 718 cum
770 657 793 717 (l
823 657 930 732 „illuc“
960 667 991 718 et
1017 665 1087 736 post
1116 657 1203 718 Both.
1231 657 1386 732 ,Qu0d“;

249 757 300 818 sed
324 759 371 818 sel
393 760 434 818 sic
456 761 542 819 nimis
564 759 704 837 languide
727 765 758 820 et
779 763 902 822 obscure
925 765 1143 838 interrogatur,
1173 763 1235 820 sire
1257 761 1294 820 de
1321 763 1385 820 hc-

249 865 360 920 minum
388 855 451 921 sive
478 862 515 921 dc
543 863 612 922 vitas
639 883 747 940 genere
769 865 950 940 interrogari
972 869 1069 942 putes.
1120 863 1214 923 Immo
1239 860 1383 941 „genus“

249 970 419 1043 corruptum
439 971 498 1038 est;
522 966 626 1044 scripsi
643 961 741 1044 pelas,
760 967 839 1044 quod
859 968 1006 1026 translate
1024 967 1082 1026 dici
1100 966 1221 1026 videtur
1239 973 1274 1026 ut
1293 968 1385 1046 apud

249 1067 369 1127 Grecos
392 1070 480 1144 κρύος,
504 1087 530 1126 v.
543 1067 675 1145 AElschyl.
694 1067 778 1128 Eum.
795 1071 869 1130 161:
892 1071 962 1148 βάρυ
984 1071 1015 1128 τὸ
1037 1071 1169 1146 περίβαρυ
1191 1071 1271 1146 κρύος
1294 1070 1384 1142 ἔχειν.

248 1152 289 1210 ss-
315 1159 385 1230 8302
416 1165 639 1242 Acheruntem,
669 1191 736 1230 nam
759 1165 974 1250 epudssiuleros
997 1193 1084 1232 omne
1105 1192 1198 1250 genus
1222 1173 1383 1232 hominum

249 1280 303 1332 est.
349 1275 374 1332 Δ
398 1273 486 1332 breve
509 1280 554 1332 eet
571 1279 606 1333 ut
624 1275 693 1334 341.
716 1303 754 1314 -
773 1276 843 1334 831.
868 1275 1011 1336 Extrema
1033 1281 1173 1354 corrupt-a
1196 1283 1279 1348 sunt,
1302 1281 1386 1353 post

249 1375 416 1436 Acidalium
446 1377 535 1454 vulgo
566 1377 679 1436 editur:
716 1397 772 1451 „an
801 1378 958 1454 fugitiuom
981 1375 1086 1452 uelis“,
1116 1379 1135 1436 i.
1160 1399 1186 1436 e.
1209 1378 1271 1436 sire
1294 1377 1381 1455 lugi-

249 1479 343 1537 tivum
377 1479 433 1538 dici
465 1481 558 1558 magis
587 1481 698 1558 placet,
733 1499 794 1556 qua
826 1481 941 1540 ratione
974 1481 1054 1560 apud
1084 1481 1265 1557 posteriores
1295 1477 1377 1554 „au“
1470 1529 1471 1546 .

248 1585 377 1659 ponitur,
400 1602 428 1640 v.
442 1581 540 1642 Madv.
554 1582 590 1641 ad
603 1581 662 1641 cir.
675 1581 741 1640 Fin.
754 1581 791 1656 11,
807 1585 856 1658 32,
877 1585 946 1656 104,
970 1591 1022 1644 aut
1042 1605 1098 1659 ,au
1116 1579 1230 1642 diosm“
1253 1587 1286 1642 ut
1304 1583 1379 1642 Liv.

248 1682 358 1757 XXXI,
372 1687 421 1757 99,
435 1685 463 1744 l.
508 1685 579 1744 Veri
596 1685 720 1744 similius
732 1705 786 1762 pre
801 1681 876 1758 „sd“
897 1685 992 1764 Gepp.
1011 1702 1047 1748 ac
1067 1687 1203 1763 scripsit;
1226 1686 1278 1744 sed
1290 1684 1379 1763 quod

249 1805 304 1863 pro
319 1784 430 1859 ,uelis“
445 1787 600 1846 substituit
616 1783 781 1860 „inuenis“,
801 1789 1005 1848 coniunctivus
1017 1791 1222 1868 requireretur
1231 1793 1265 1848 ut
1276 1790 1308 1847 in
1321 1809 1379 1847 an-

248 1889 394 1948 tecedenti
419 1909 520 1962 versu3
545 1909 598 1968 ego
615 1885 718 1950 scelus
736 1894 824 1970 posui
848 1897 881 1951 ut
904 1892 1009 1952 Baccb.
1037 1894 1126 1952 1092.
1154 1891 1243 1950 1176.
1269 1891 1307 1950 al.
1331 1921 1378 1929 -

251 1993 321 2052 839.
339 1987 506 2066 addictum,
530 1993 561 2051 in
583 1995 757 2054 servitutem
780 1999 903 2074 propter
926 2014 965 2055 as
987 1995 1124 2056 alienum.
1144 2023 1187 2036 -
1209 1993 1377 2054 anatolius

249 2093 450 2170 emendatum,
486 2095 520 2154 cs.
545 2095 583 2154 sd
613 2095 703 2156 Mero.
729 2098 798 2158 348.
830 2127 870 2138 -
905 2099 977 2159 833.
1010 2093 1129 2176 itaque,
1163 2098 1182 2156 i.
1206 2117 1232 2156 e.
1261 2102 1291 2156 et
1319 2099 1375 2167 ita,

250 2197 335 2274 quasi
359 2197 389 2258 in
410 2199 531 2276 popina.
552 2227 587 2240 -
615 2183 687 2258 834.
710 2199 783 2259 Post
798 2196 922 2276 popina
944 2201 1061 2274 hiatur;
1084 2201 1178 2280 chp.
1206 2199 1303 2273 ,baud
1327 2205 1378 2258 est

249 2295 363 2372 secus“,
382 2301 473 2372 male,
498 2301 582 2360 Mun.
603 2323 632 2380 p.
646 2303 721 2362 683:
749 2302 847 2378 ,haud
866 2301 979 2364 secius“
993 2311 1026 2363 ut
1038 2303 1124 2382 Gapt.
1137 2307 1209 2364 416.
1233 2331 1272 2343 -
1298 2305 1374 2363 835.

248 2396 359 2479 fictiles
382 2397 533 2480 9111814143
562 2403 687 2464 iocando
716 2405 790 2464 dicit
818 2405 976 2484 amphoras
997 2407 1155 2484 inscriptas
1178 2406 1287 2466 litteris
1309 2407 1373 2466 vini

248 2525 340 2584 genus
373 2511 404 2565 et
437 2511 553 2566 atatem
584 2507 801 2582 indicantibus,
835 2528 897 2568 rem
927 2515 958 2568 et
985 2529 1022 2568 ex
1050 2508 1247 2587 scriptoribus
1274 2515 1304 2568 et
1335 2529 1373 2568 ex
1471 2575 1472 2602 ρ

249 2610 466 2686 exemplaribus
495 2609 682 2690 Pompeianis
710 2619 826 2685 notam,
855 2635 882 2670 v.
907 2612 1092 2689 Marquardt.
1144 2611 1226 2670 Rem.
1251 2611 1371 2670 Privat·
1471 2603 1472 2644 1

249 2713 346 2772 altert.
370 2713 399 2772 11
421 2735 450 2790 p.
475 2713 513 2770 72
538 2733 583 2790 sq.
628 2712 714 2774 Jabu.
733 2713 862 2772 Beriobt.
887 2713 916 2774 d.
935 2714 1035 2774 Stcbs.
1054 2713 1122 2774 Ges.
1145 2715 1225 2774 1857
1248 2735 1277 2792 p.
1301 2716 1372 2772 197.
1471 2703 1472 2736 ³

248 2808 436 2876 Miseram
458 2814 582 2875 Plautus
610 2815 687 2876 Rud.
711 2817 773 2875 478
801 2837 905 2876 urusm
934 2817 1006 2877 dicit
1028 2817 1151 2876 Veneris
1177 2817 1296 2875 nomine
1322 2819 1370 2875 in-
1471 2891 1472 2896 η

249 2919 403 2996 scriptam,
438 2919 466 2976 in
496 2920 580 2978 cuius
608 2917 739 2978 dominic
766 2925 866 3004 crat¹
892 2919 934 2980 Of.
958 2921 1065 2980 Athen.
1089 2919 1132 2978 XI
1159 2939 1223 2997 cap.
1249 2921 1297 2979 30.
1328 2949 1373 2959 -

250 3023 320 3080 836.
345 3013 482 3081 arbitram
504 3015 618 3099 144914,
642 3022 678 3080 cf.
703 3021 779 3081 Bud.
806 3024 896 3082 1294.
920 3053 958 3063 -
985 3024 1055 3083 837.
1086 3017 1294 3094 sicariorum,
1317 3043 1370 3081 va·

248 3143 358 3196 sorum,
381 3125 434 3182 sed
452 3125 508 3183 ioci
531 3143 621 3183 cansa
643 3125 727 3201 quasi
749 3123 787 3182 de
810 3125 938 3184 militum
961 3147 1068 3204 genere
1089 3125 1223 3203 loquitur
1245 3145 1299 3184 nec
1320 3145 1372 3184 va·

248 3245 348 3286 sorum
371 3244 510 3300 magnum
532 3247 688 3286 numerum
709 3247 741 3286 se
763 3227 874 3286 habere
896 3227 978 3302 dicit,
1000 3229 1051 3287 sed
1075 3229 1256 3289 vinariorum
1279 3227 1370 3286 dilec-

248 3335 311 3389 tum
333 3329 458 3403 habere,
481 3329 517 3390 ci.
541 3329 626 3410 Capi.
654 3331 712 3389 159
736 3349 800 3408 sqq.
825 3359 862 3372 -
889 3332 960 3390 838.
994 3325 1108 3393 Omaio
1130 3325 1213 3392 mira
1234 3331 1318 3403 441111,
1341 3353 1370 3390 v.

248 3433 286 3492 ad
305 3432 412 3510 Amph.
426 3432 498 3492 979.
542 3431 627 3504 Quod
645 3432 838 3509 Syncerastus
862 3435 904 3492 ita
926 3433 1043 3494 locutus
1065 3439 1138 3505 erat,
1161 3435 1247 3512 qussi
1269 3433 1371 3492 lauda·

247 3538 358 3596 tionem
381 3535 534 3595 funebrem
558 3534 621 3594 heri
644 3536 854 3609 meditaretur,
889 3535 1015 3614 Milphio
1044 3536 1210 3614 concludit,
1244 3556 1310 3595 eum
1333 3539 1370 3596 sb

247 3641 319 3700 hero
347 3638 485 3698 heredem
513 3639 684 3696 institutum
714 3657 791 3712 esse,
825 3659 894 3698 nam
922 3639 1039 3698 heredis
1069 3645 1115 3698 est
1142 3640 1312 3700 defunctum
1339 3641 1371 3697 in

248 3743 397 3819 exsequiis
414 3740 545 3800 laudare.
562 3771 605 3782 -
624 3742 695 3801 839.
718 3740 815 3818 Vulgo
837 3742 1072 3802 oum-Acidalio:
1098 3741 1190 3816 „Nam
1208 3744 1233 3802 is
1250 3741 1369 3820 quidem

248 3845 301 3917 illi,
325 3849 359 3902 ut
380 3843 551 3918 meditatur,
575 3844 667 3904 verbs
688 3843 761 3903 facit
782 3842 948 3904 emortuc“.
993 3843 1102 3904 Verum
1126 3845 1177 3923 qui
1200 3845 1369 3914 meditetur,

249 3967 307 4006 non
337 3947 426 4006 habet
454 3949 633 4020 orationem,
668 3947 720 4005 sed
749 3947 906 4006 habiturus
941 3953 1000 4022 est,
1035 3968 1100 4008 neo*
1117 3953 1284 4020 emortuus,
1317 3947 1371 4006 sed

248 4053 383 4108 mortuus
406 4047 554 4122 laudatur,
577 4071 605 4109 v.
628 4048 709 4108 Naev.
738 4049 812 4109 129:
852 4050 997 4129 ,praefica
1020 4056 1081 4126 est;
1115 4051 1200 4128 quasi
1222 4055 1370 4111 mortuum

249 4149 427 4212 collaudst“.
478 4150 582 4230 Itaque
604 4153 738 4210 traiectis
761 4153 870 4212 serbis·
885 4153 947 4228 ,illi
969 4149 1020 4214 ut“
1046 4153 1249 4214 scribendum:
1274 4149 1370 4214 medi·

250 4255 345 4328 tatur,
368 4248 420 4314 1111
442 4254 479 4313 ut
498 4247 596 4315 rscrba
618 4249 715 4332 faciet
735 4255 868 4328 mortuo,
897 4277 951 4316 nec
973 4253 1010 4316 s'd
1030 4257 1183 4316 sollicitari
1206 4257 1305 4316 debet.
1329 4287 1369 4298 —

251 4361 321 4418 840.
346 4358 376 4418 et
396 4355 508 4432 cutm,
532 4357 852 4418 4441941143.-
876 4361 934 4418 841
960 4379 1003 4438 sq.
1028 4357 1203 4420 Lambinus:
1229 4359 1370 4434 „Crucior
