2954 5002
79 475 106 542 Ι,
129 478 158 544 5,
176 477 291 531 94-106
565 473 725 530 Pseudolus.

530 661 760 729 Pseudolus
859 690 860 694 ¹

925 771 1042 851 Dabis3
1158 786 1209 839 510

80 859 156 923 Iam
179 857 249 938 dico
274 866 310 922 ut
333 879 352 922 a
375 877 425 922 me
449 876 577 922 caueae.

595 1021 703 1087 Simo

624 1127 719 1196 Certe
743 1129 860 1213 edepol
884 1132 961 1208 scio,

83 1237 120 1304 Si
145 1237 332 1316 abstuleris,
354 1239 473 1302 mirum
495 1245 529 1302 et
550 1259 702 1320 maguum
726 1237 853 1303 facinus
876 1237 1002 1302 feceris.

533 1413 761 1479 Pseudolus

11 1513 25 1532 ‘
86 1501 233 1567 Faciam.

551 1645 740 1730 Callipho

294 1756 327 1822 Si
349 1776 415 1820 uon
439 1754 620 1830 abstulerit,
645 1756 745 1836 uirgis
769 1754 906 1820 caedito.

536 1930 763 1996 Pseudolus

87 2042 154 2108 Sed
178 2041 255 2126 quid
279 2042 305 2105 si
329 2040 521 2106 abstulero?

601 2199 706 2264 Simo

564 2307 611 2373 Do
634 2307 744 2373 Iouem
767 2315 886 2372 testem
908 2306 979 2385 tibi,

89 2418 136 2483 Te
161 2424 302 2483 aetatem
323 2423 442 2499 inpune
463 2415 663 2480 habiturum.

543 2579 766 2646 Pseudolus

709 2689 822 2754 Facito
845 2694 881 2753 ut
904 2687 1098 2752 memineris.
1162 2704 1212 2755 515

93 2796 259 2878 Praedico,
283 2803 320 2861 ut
343 2817 478 2877 csueas3
502 2795 583 2875 dico,
606 2798 750 2880 iuquam,
773 2804 810 2862 ut
833 2816 965 2876 caueam
988 2815 1078 2861 caue.

598 2972 636 3038 Si
647 2994 703 3038 mo

95 3081 203 3165 Egone
225 3087 264 3146 ut
287 3101 404 3146 cauere
426 3101 595 3164 nequeam,
620 3081 697 3165 quoi
721 3080 939 3164 praedicitur?

541 3257 767 3322 Pseudolus

97 3364 164 3446 Em,
185 3367 257 3431 istis
280 3365 360 3430 mihi
382 3373 419 3429 tu
442 3365 539 3430 hodie
564 3364 715 3430 manibus
739 3372 911 3448 argeutum
934 3365 1036 3431 dabis.

561 3541 664 3608 Calli
702 3543 748 3607 ho

99 3649 218 3736 Edepol
243 3650 414 3716 mortalem
439 3650 640 3734 graphicum,
665 3567 827 3715 dissupat
850 3648 956 3714 fidem.

543 3837 768 3903 Pseudolus

21 4043 23 4048 Δ
101 3945 261 4014 Seruitum
282 3947 343 4012 tibi
366 3967 416 4011 me
439 3946 606 4022 abducito,
631 3948 663 4009 ui
686 3945 804 4010 fecero.
1167 3961 1218 4012 tao
1302 4037 1303 4040 Ἴ

163 4193 213 4246 511
232 4191 261 4244 G.
281 4189 360 4244 Certo
434 4193 485 4270 {312
503 4190 644 4244 abeitteris
662 4189 689 4242 B
763 4188 860 4242 feceris
880 4187 986 4240 lacinus
1007 4185 1028 4241 0
1100 4188 1149 4240 513
1167 4186 1219 4240 Fa·

102 4279 175 4331 ciem.
197 4279 222 4330 S.
243 4277 266 4330 si
284 4275 317 4342 B,
337 4275 448 4331 Faciam
468 4277 491 4330 si
511 4275 532 4330 Ο
601 4275 750 4328 abstuleris
821 4277 872 4327 514
891 4273 940 4332 PS.
961 4289 1011 4327 om.
1089 4272 1139 4324 516
1154 4287 1219 4340 pre·

101 4365 170 4418 uuo
185 4364 368 4430 postponitur.
448 4363 497 4414 517
516 4361 652 4429 praeditur
728 4361 777 4412 ela
796 4365 827 4412 ut
