2940 5008
84 1630 312 1724 llercatoris
335 1669 540 1741 argumentum
557 1663 613 1723 hoc
630 1669 684 1722 est.
723 1662 868 1721 Charinus
891 1662 1063 1722 adulescens
1080 1661 1170 1722 Athe·

83 1767 184 1826 nieusis
205 1768 390 1826 meretricem
413 1771 566 1826 amaverat
588 1767 709 1842 eiusque
732 1785 820 1824 cause
841 1767 936 1842 patris
959 1765 1078 1824 domum
1100 1786 1169 1843 epo·

84 1869 207 1928 licuerat.
241 1869 388 1946 Demipho
409 1874 497 1947 pater
519 1868 703 1943 obiurgando
725 1869 844 1928 tandem
868 1887 935 1927 enm
958 1867 1108 1943 adegerat,
1137 1873 1171 1928 ut

84 1973 184 2032 relictis
205 1971 331 2032 Athenis
358 1977 520 2032 mercatum
547 1971 795 2050 proficisceretur.
840 1970 938 2030 Rhodi
967 1977 1064 2030 antem
1092 1970 1172 2047 apud

85 2073 220 2153 hospitem
242 2075 378 2134 ancillam
401 2073 631 2152 pulcherrimam
655 2095 754 2133 amare
782 2074 888 2151 incipit
909 2073 1025 2152 sibique
1047 2075 1120 2134 emit
1142 2081 1173 2132 et

86 2197 145 2236 curn
175 2198 208 2236 ea
240 2179 374 2237 Athenas
407 2179 578 2238 revertitur.
634 2177 728 2250 Quam
762 2197 851 2254 quum
885 2177 1031 2236 occultam
1062 2175 1171 2236 habere

16 2273 17 2364 J
86 2287 205 2355 cuperet,
226 2286 313 2359 poter
329 2283 483 2360 inopinato
502 2283 532 2340 iu
549 2285 670 2359 portum
687 2281 778 2352 venit,
801 2299 905 2338 navem
922 2279 975 2338 filii
992 2279 1172 2354 conscendit,

16 2415 18 2448 r
87 2381 285 2460 mulieremque
307 2384 350 2442 ihi
373 2389 560 2460 conspectam
583 2383 647 2461 ipse
668 2383 785 2461 perdite
809 2401 908 2442 amare
930 2383 1043 2459 incipit.
1077 2382 1172 2440 Filius

88 2503 143 2540 com
163 2506 192 2544 se
214 2486 320 2545 emisse
343 2485 426 2555 dicit,
454 2491 489 2544 nt
510 2489 600 2544 matri
623 2485 733 2544 donum
755 2485 854 2558 daret;
882 2490 968 2564 peter
990 2485 1046 2544 hoo
1067 2504 1171 2564 parum

88 2587 181 2647 decere
213 2589 364 2649 affirmans
394 2589 528 2666 postulat
553 2594 588 2648 ut
614 2594 729 2649 veneat.
773 2590 878 2666 Itaque
913 2589 1041 2648 vicinum
1073 2607 1171 2646 senem

16 2719 17 2750 ;
89 2695 115 2748 et
136 2694 262 2765 amioum,
286 2691 503 2769 Lysimachum,
526 2691 679 2766 subornat,
703 2694 755 2770 qui
777 2712 841 2751 eam
865 2711 963 2751 emere
984 2710 1016 2750 se
1038 2691 1171 2766 simulet3

87 2791 201 2855 Chalino
223 2801 323 2855 autem
345 2794 455 2855 sodalis
477 2793 639 2871 Eutychus,
670 2795 800 2854 eiusdem
823 2797 902 2854 senis
924 2793 1011 2868 lilius,
1039 2815 1071 2854 se
1093 2813 1173 2872 emp-

17 2871 18 2910 l
88 2900 174 2955 turum
201 2899 361 2977 promittit.
405 2896 629 2957 Praevertnntur
661 2918 761 2971 senes;
795 2897 987 2975 Lysimachus
1020 2897 1174 2959 mulierem

90 2997 194 3059 abducit
223 3003 345 3078 suisque
374 3001 485 3060 [edibus
512 3003 627 3078 recipit,
658 3000 727 3060 dum
755 3020 832 3060 uxor
853 3003 915 3060 eius
937 3002 1001 3060 ruri
1023 3005 1174 3076 versatur3

90 3098 226 3177 Eutychus
255 3105 381 3163 serc'in
408 3109 528 3181 portum
549 3105 640 3177 venit,
669 3125 803 3182 necque
831 3103 959 3163 abducta
979 3104 1084 3162 mulier
1106 3123 1174 3180 per·

90 3207 203 3282 venerit,
231 3206 374 3284 indagare
402 3211 512 3283 potest.
557 3206 703 3266 Charinus
731 3209 810 3268 omni
832 3227 884 3286 spe
907 3206 1055 3283 desponsa
1078 3206 1174 3264 denuc

91 3305 116 3362 in
135 3291 264 3369 exsilium
293 3313 337 3370 ire
364 3311 480 3370 statuit.
525 3309 583 3368 Sed
612 3309 682 3368 dum
710 3329 794 3370 senes
821 3313 852 3370 in
882 3311 948 3369 foro
982 3314 1173 3388 opsonantur,

92 3427 155 3469 uxor
174 3411 340 3490 Lysimachi
368 3432 438 3471 rure
467 3412 597 3472 advenit.
643 3415 713 3486 Quae
740 3414 792 3472 ubi
821 3416 1004 3473 meretricem
1028 3413 1107 3472 domi
1130 3415 1175 3470 in-

93 3515 168 3588 venit,
189 3519 387 3592 maritumque
409 3518 472 3575 eius
495 3535 584 3574 causa
606 3517 728 3592 largiter
751 3522 927 3594 opsonatum
950 3537 1012 3576 esse
1035 3517 1126 3589 videt,
1150 3519 1176 3575 is

93 3619 177 3676 summ
208 3639 261 3678 nec
294 3621 378 3678 cuius
410 3619 504 3678 amica
537 3621 577 3678 eit
603 3639 658 3678 nec
690 3641 749 3698 qua
777 3619 814 3679 de
844 3639 934 3678 causa
961 3619 1002 3677 ibi
1030 3625 1173 3692 versetur,

21 3797 22 3803 ἵ
95 3721 233 3780 enuntiare
255 3721 357 3795 audet,
388 3721 578 3782 vehementer
606 3725 686 3781 irata
708 3743 726 3782 a
747 3725 812 3782 viro
831 3721 917 3781 abire
939 3723 1054 3782 statuit.
1099 3722 1173 3780 Tum

21 3810 22 3816 '
94 3815 227 3896 Eutychus
249 3823 432 3899 adulescens,
462 3826 512 3902 qui
534 3845 589 3903 per
610 3829 702 3885 totam
725 3824 830 3885 urbem
852 3825 1005 3884 mulierem
1028 3826 1174 3902 quesivit,

96 3925 123 3978 ut
140 3925 251 3986 inventa
273 3947 309 3986 ea
325 3927 456 3986 sodalem
472 3928 625 4001 retineret,
649 3931 752 3988 matris
770 3928 935 3988 solutandae
951 3947 1040 3986 causa
1056 3928 1175 3986 domum
1226 3955 1229 3961 ·

97 4020 228 4100 ingressus
250 4029 291 4088 ibi
314 4029 438 4088 invenit.
484 4031 548 4102 Quo
571 4031 650 4090 tacto
673 4037 703 4089 et
724 4030 883 4090 Charinum
907 4032 944 4090 cb
968 4031 1070 4089 exsilio
1093 4050 1176 4090 revo-

98 4133 137 4184 cet
155 4135 183 4188 et
203 4137 324 4192 matrem
348 4135 428 4212 patri
450 4133 596 4212 placatam
619 4133 735 4207 reddit3
764 4133 911 4212 Demipho
935 4139 1035 4192 autem
1058 4135 1176 4210 nequis·

99 4227 175 4291 dnus
193 4253 279 4294 senex
296 4236 463 4296 maledictis
481 4241 622 4296 oneretur
634 4242 665 4295 et
674 4237 790 4314 pudore
802 4237 927 4297 obrutus
944 4236 1004 4295 tilio
1023 4237 1177 4296 mulierem

100 4334 224 4396 concedit.
