2978 5004
582 489 728 559 gloriosus.
1140 495 1202 556 223

105 691 130 746 in
149 689 318 748 fabularum
350 687 455 747 ordino
482 692 573 760 tenet,
604 686 653 744 vel
680 689 855 762 argumento
885 684 1050 744 ecrosticho
1071 685 1202 745 refutan-

105 799 148 850 tur
174 785 227 867 (cf.
251 791 329 852 Mus.
359 791 456 849 Rhen.
480 787 567 847 XXII
589 809 619 867 p.
651 790 710 847 303
734 783 804 864 eq.).
848 787 931 848 Inter
958 791 1072 864 priores
1101 793 1202 848 autem

105 893 195 952 Plauti
217 895 335 953 fabulas
357 894 487 952 Militem
509 893 671 968 gloriosum
695 911 851 949 numerere
873 891 952 964 licet,
982 892 1008 948 si
1030 891 1149 968 quidem
1172 911 1200 950 v.

105 998 157 1056 213
185 996 307 1056 Naevius
335 1002 425 1074 poeta
453 996 542 1054 etium
572 1013 650 1052 nuno
672 995 757 1052 vivus
781 999 1035 1066 commemoratur,
1065 1015 1152 1071 quem
1175 1017 1201 1055 a.

105 1101 157 1158 204
179 1122 206 1160 a.
232 1101 301 1158 Chr.
325 1121 352 1158 n.
382 1103 533 1158 mortuum
561 1117 624 1156 esse
647 1097 763 1173 antiqui
786 1097 991 1156 commentarii
1012 1099 1203 1158 testabantur

105 1195 168 1275 (Cic.
189 1203 276 1261 Brut.
301 1205 348 1275 15,
372 1197 433 1270 60).
468 1199 547 1258 Mira
571 1202 661 1258 etium
684 1201 764 1258 inter
785 1199 939 1258 Plautinas
962 1200 1079 1258 lebulas
1101 1221 1201 1260 nume·

105 1325 194 1364 rorum
218 1306 412 1383 simplicitate
434 1303 560 1378 insignis
583 1309 642 1377 est3
671 1323 740 1362 num
763 1303 871 1360 absunt
897 1303 1017 1362 omnino
1046 1322 1110 1379 quse
1132 1323 1201 1380 pru·

103 1409 160 1484 prie
182 1411 298 1467 cantica
320 1405 473 1485 appellere
496 1406 638 1480 solemus;
662 1408 763 1480 omnia
782 1405 831 1462 rel
853 1405 978 1463 senariis
1001 1406 1111 1482 scripte
1132 1412 1201 1466 sunt

103 1511 143 1568 rel
165 1512 351 1587 septenariis,
375 1509 472 1567 ethis
496 1509 616 1584 quidem
639 1507 797 1566 trochaicis
820 1513 850 1566 et
872 1506 1015 1580 iambicis,
1045 1509 1135 1566 semel
1158 1505 1199 1581 (v.

106 1606 279 1688 1006-86)
302 1613 498 1689 anapesticis.

178 1715 224 1775 Ex
247 1717 302 1774 hac
324 1714 428 1772 fabula
450 1719 484 1771 ut
503 1733 539 1770 ex
561 1714 711 1772 uberrimo
729 1713 811 1772 tonte
835 1719 908 1788 quot
929 1717 1037 1790 postes
1058 1713 1201 1772 fluxerint

103 1818 144 1875 rel
165 1819 275 1876 fabule
299 1817 347 1876 vel
369 1816 536 1876 fabularum
554 1823 655 1892 pertes
673 1821 703 1874 et
719 1835 860 1892 persons,
885 1835 1057 1874 enumerare
1080 1816 1199 1892 longum

103 1925 151 1978 est.
195 1920 274 1992 Quid
303 1923 381 1978 enim
408 1919 594 1994 frequentius
623 1925 669 1976 est
698 1919 729 1978 in
758 1919 886 1995 antiquis
908 1917 1062 1992 Italorum,
1091 1918 1199 1996 Hispa·

103 2041 210 2095 norum,
235 2022 397 2096 Gallorum,
421 2022 584 2098 Anglorum
602 2020 753 2080 comoediis
776 2041 864 2098 quam
883 2021 992 2080 milites
1009 2023 1060 2078 isti
1077 2021 1199 2096 gloriosi

104 2116 254 2202 (capitoni)
285 2124 442 2184 horrendis
470 2124 638 2182 nominibus
665 2125 805 2199 insignes,
834 2125 982 2198 ignaviam
1007 2124 1097 2180 enimi
1119 2125 1201 2182 inani

103 2229 238 2285 lactentis
260 2224 417 2302 tegentes?
452 2225 491 2282 lii
515 2229 611 2282 nutem
632 2245 722 2301 quum
746 2246 782 2282 ex
800 2227 865 2303 ipse
881 2225 1032 2291 hominum
1055 2227 1118 2282 vita
1134 2231 1198 2284 tum

103 2333 187 2406 magis
209 2333 298 2388 etium
328 2349 365 2388 ex
388 2328 495 2386 Plauto
526 2333 556 2385 et
577 2327 718 2386 Terentio
749 2330 882 2405 expressi
905 2335 983 2386 suut.
1029 2327 1076 2386 Ad
1099 2327 1199 2386 Plauti

102 2433 361 2509 Pyrgopolinioem‚
385 2437 419 2489 ut
441 2431 542 2507 alique
564 2408 712 2506 proferam
731 2430 875 2508 exempla,
898 2431 1031 2508 proxime
1054 2431 1199 2490 accedunt

102 2533 173 2593 Gelli
195 2542 292 2612 poetas
314 2534 445 2594 Joaunes
468 2535 616 2592 Antonius
635 2532 671 2590 de
689 2533 761 2590 Buil
780 2535 810 2592 in
837 2531 896 2605 ,Le
915 2529 1041 2606 Breve“,
1065 2532 1199 2608 (lyranus

102 2637 241 2714 Bergerec
263 2641 294 2696 in
321 2636 383 2710 „Le
405 2636 518 2714 pedani
536 2631 637 2710 jou6“,
662 2635 788 2694 Scarron
810 2636 841 2693 in
867 2633 1032 2707 ,chelet“,
1056 2637 1199 2711 imprimis

102 2739 247 2798 Cornelius
282 2741 314 2798 in
351 2739 531 2814 „L'lllusion
565 2735 737 2814 comique“;
777 2737 815 2796 sd
849 2737 1031 2796 Thrasonem
1066 2737 1199 2796 Terentii

100 2845 217 2920 propius
248 2843 395 2902 accedunt
423 2840 531 2899 Petrus
559 2841 702 2898 Aretinus
737 2843 768 2898 iu
798 2839 862 2914 „Le
891 2835 1035 2898 Telunts“
1065 2844 1095 2896 et
1127 2839 1198 2897 Hol-

101 2945 213 3022 bergius
235 2951 353 3004 nostras
376 2946 407 3002 in
432 2943 542 3017 „Jacob
561 2961 587 3000 v.
607 2939 743 3018 Thybo“.
776 2941 857 3000 lllud
879 2961 996 3019 quoque
1020 2961 1196 3002 commemo·

102 3048 219 3106 rendum
247 3055 303 3120 est,
332 3045 462 3125 lepidam
485 3046 567 3104 illam
592 3045 722 3104 fabulam
746 3046 783 3103 de
805 3046 921 3122 pariete
943 3045 1077 3122 perfosso
1101 3043 1198 3104 ΧΗΠΙΟ

102 3149 157 3208 lere
178 3170 208 3228 p.
233 3149 299 3210 Chr.
330 3149 438 3208 soeculo
465 3152 498 3207 in
526 3147 663 3207 Latinam
696 3151 863 3208 versionem
896 3147 1065 3206 fabularum
1094 3149 1197 3206 Arabi·

102 3271 208 3327 carum,
245 3255 290 3311 cui
327 3271 432 3312 nomen
465 3250 638 3310 inscribitur
676 3251 815 3328 ,Septem
843 3253 1053 3328 magistrorum
1082 3253 1197 3329 sapien·

101 3352 200 3427 tium“,
234 3361 382 3433 receptam
411 3374 484 3412 esse.
530 3351 589 3412 Sed
617 3355 668 3429 qui
696 3361 858 3432 propterea
892 3355 967 3412 hanc
996 3353 1127 3412 subulam
1161 3374 1198 3412 ex

102 3459 217 3516 orientis
244 3456 416 3535 regionibus
446 3456 639 3535 repetendum
668 3461 814 3532 putarunt
842 3455 985 3534 (Dunlop,
1015 3457 1140 3532 History
1168 3455 1201 3516 oi

101 3557 208 3618 Romen
241 3560 397 3620 literature
430 3559 445 3618 Ι
476 3581 505 3637 p.
532 3551 617 3634 200),
653 3561 840 3634 ignorarunt,
876 3559 956 3636 qnod
988 3565 1094 3636 postea
1127 3579 1196 3636 oog-

102 3663 188 3720 nitum
212 3668 270 3736 est,
300 3667 332 3722 in
356 3661 575 3738 antiquioribus
599 3661 704 3720 harum
726 3661 896 3721 fabularum
919 3661 1109 3738 corporibus,
1139 3661 1197 3719 Hc-

101 3763 195 3824 hraico
225 3771 255 3824 et
275 3764 395 3838 Graeco,
426 3770 456 3822 et
484 3763 560 3823 hanc
587 3763 718 3822 fabulum
746 3764 912 3822 desiderari
945 3770 976 3822 et
1005 3765 1129 3822 alterum
1160 3783 1196 3822 ex

102 3865 234 3926 Petronio
255 3873 368 3940 notam,
393 3871 426 3924 ut
449 3887 498 3924 eas
521 3887 557 3925 ex
575 3867 692 3926 Latinis
709 3868 820 3924 litteris
838 3866 978 3926 Latinum
1000 3867 1196 3944 interpretem

103 3969 244 4027 addidisse
265 3969 442 4030 verisimile
465 3971 505 4028 sit
527 3963 702 4046 (vitissing,
727 3969 785 4029 den
806 3989 899 4046 yngre
922 3969 1030 4028 sttiske
1052 3969 1196 4028 Komedie

104 4089 136 4147 og
157 4071 227 4130 dens
249 4071 377 4130 latinslre
400 4070 598 4146 Bearbejdere
620 4092 649 4149 p.
675 4069 738 4146 43).

179 4173 291 4232 Milites
312 4175 443 4250 gloriosi,
472 4175 524 4251 qui
546 4175 577 4232 in
599 4173 710 4234 fabulis
739 4173 888 4233 comoediae
911 4173 1016 4232 medice
1040 4179 1070 4232 et
1092 4193 1194 4233 recen·

105 4277 181 4334 tioris
201 4283 262 4335 tem
289 4295 366 4354 aaepe
388 4281 561 4351 occurrunt,
590 4279 838 4336 mercenariorum
866 4277 994 4334 militum
1017 4275 1106 4336 duces
1133 4279 1196 4336 eive
