2982 5000
95 1632 264 1732 Pseudoli
287 1679 492 1749 argumentum
515 1673 570 1732 hoc
593 1679 647 1732 est.
692 1672 849 1732 Calidorus
867 1673 1036 1732 adolescens
1054 1673 1243 1734 Phoenicium

97 1783 198 1835 amat
225 1777 413 1834 meretricem
443 1775 571 1834 Bellieni
607 1777 705 1834 lenoni
735 1779 922 1834 servientem.
978 1775 1007 1835 Is
1041 1795 1105 1836 eam
1139 1779 1244 1854 viginti

97 1883 206 1937 minis
229 1879 319 1936 militi
342 1878 457 1936 cuidam
481 1877 616 1936 vendidit
638 1879 681 1936 ita
702 1883 745 1948 ut,
770 1871 860 1954 quum
881 1878 1050 1955 quindecim
1066 1881 1152 1937 minse
1169 1899 1244 1956 prae·

99 1988 216 2040 sentes
239 1985 402 2038 numeratae
425 1987 537 2052 assent,
567 1983 608 2053 ei,
637 1983 687 2057 qui
710 1981 874 2055 symbolum
899 1981 1001 2039 militis
1025 2001 1090 2040 cum
1113 1983 1245 2058 quinqua

99 2083 244 2158 reliquis
272 2081 405 2150 afferret,
439 2081 539 2159 puella
564 2082 716 2142 tradenda
746 2091 831 2141 esset.
890 2083 950 2140 Hac
974 2083 1010 2140 de
1033 2103 1065 2142 re
1089 2081 1245 2142 Calidorus

103 2185 147 2244 ab
176 2186 274 2244 amica
295 2203 350 2260 per
372 2185 529 2260 epistolam
553 2187 664 2244 certior
685 2186 780 2244 factus
809 2188 938 2244 animum
966 2185 1146 2263 despondet,
1175 2185 1246 2246 dum

104 2292 136 2346 ei
170 2287 340 2346 Pseudolus
370 2305 473 2345 servus
500 2287 674 2365 pollicetur,
709 2309 740 2346 ss
770 2289 877 2362 viginti
906 2290 1000 2348 minas
1029 2289 1129 2366 aliquo
1158 2287 1246 2348 modo

106 2395 361 2468 comparaturum
383 2395 418 2448 ut
440 2389 570 2468 puellam
593 2393 657 2467 ipse
679 2392 761 2466 prior
784 2395 872 2450 eruat.
926 2390 982 2448 Sed
1007 2394 1245 2470 quamprimum

108 2512 313 2570 aggressurus
348 2489 427 2564 er'at,
468 2491 548 2550 Simo
584 2491 715 2552 Calidori
753 2498 841 2568 pater
875 2513 974 2551 amore
1008 2491 1061 2550 filii
1092 2501 1244 2569 comperto

108 2615 234 2670 servum
263 2597 413 2672 increpat,
447 2614 478 2653 ss
501 2593 622 2671 quidem
650 2603 806 2653 cauturum
835 2615 898 2652 esse
928 2594 1092 2666 affirmans,
1128 2616 1164 2654 ne
1187 2596 1243 2654 sibi

110 2699 282 2775 quidquam
305 2698 464 2756 auferatur.
510 2697 563 2756 Gui
588 2697 751 2755 Pseudolus
773 2695 955 2756 confidenter
977 2699 1137 2776 respondet
1160 2719 1191 2756 se
1214 2705 1244 2758 et

110 2801 174 2860 hoc
196 2801 342 2858 facturum
372 2806 402 2857 st
430 2805 498 2860 anta
527 2819 680 2876 vesperam
709 2782 841 2876 puellam
867 2821 884 2857 a
906 2801 1011 2858 lenone
1034 2801 1243 2874 abducturam,

112 2903 199 2962 Simo
222 2911 331 2975 autem,
355 2904 410 2960 hoo
433 2904 457 2961 si
480 2902 597 2974 fecerit,
626 2904 731 2978 viginti
754 2903 847 2960 minas
871 2903 1026 2978 stipulanti
1050 2905 1189 2961 daturum
1212 2923 1242 2960 se
1357 2893 1361 2901 ’

111 3007 278 3083 promittit.
334 3005 411 3064 Dum
435 3024 542 3064 avarus
565 3024 662 3077 senex,
694 3025 729 3062 ne
752 3007 876 3082 pignore
899 3005 1052 3082 multetur,
1083 3005 1157 3064 hanc
1181 3025 1243 3064 rem

113 3109 218 3167 lenoni
240 3113 351 3180 narrat,
379 3129 438 3184 quo
462 3110 629 3166 accuratius
652 3112 762 3175 caveat,
787 3107 952 3166 Pseudolus
975 3115 1073 3166 autern
1098 3109 1154 3166 sibi
1171 3129 1241 3167 oon·

115 3213 188 3270 silio
216 3211 339 3286 quaerit,
374 3210 494 3286 Harpax
523 3211 625 3268 militis
654 3229 756 3268 servus
786 3211 908 3270 advenit
930 3229 994 3268 eum
1025 3211 1150 3286 epistola
1179 3210 1243 3269 heri

115 3313 249 3390 puellam
271 3334 288 3371 a
310 3313 414 3372 lenone
436 3315 594 3390 petiturus.
650 3311 686 3370 Ei
715 3311 892 3383 Pseudolus,
923 3313 1038 3371 lenonis
1067 3331 1097 3370 se
1125 3331 1241 3370 servum

115 3435 181 3474 csse
204 3415 355 3488 simulans,
379 3415 543 3473 Ballionem
565 3434 624 3472 non
647 3414 726 3472 domi
749 3434 813 3472 asse
837 3421 948 3489 narrat,
979 3416 1163 3492 epistolaque
1186 3413 1243 3473 sibi

115 3518 229 3576 tradita
263 3537 329 3575 eum
363 3519 443 3576 iubet
470 3525 538 3595 post
571 3517 693 3595 aliquod
722 3523 855 3594 tempus,
890 3537 981 3593 quum
1012 3519 1042 3576 iu
1076 3517 1243 3576 diversorio

116 3621 314 3696 requieverit,
350 3621 447 3679 redire
481 3627 514 3679 ut
542 3597 661 3678 solutis·
676 3623 807 3696 quinque
835 3621 921 3677 minis
949 3619 1082 3696 puellam
1104 3619 1241 3678 abducat.

116 3723 240 3781 Interim
275 3722 311 3779 ab
345 3726 439 3780 amico
473 3723 537 3780 heri
566 3729 596 3780 et
624 3725 753 3798 quinque
782 3723 867 3780 minae
899 3723 927 3778 ei
954 3721 1185 3798 suppeditantur
1213 3728 1244 3781 et

117 3844 220 3883 servus
243 3825 363 3902 quidam
389 3824 528 3899 callidus,
558 3826 610 3902 qui
631 3825 753 3884 militari
776 3831 883 3882 ornatu
905 3826 1069 3882 instructus
1092 3841 1158 3880 cum
1182 3825 1242 3900 epi-

118 3927 195 3984 stola
224 3927 329 3985 militis
357 3934 386 3984 st
414 3929 544 4004 quinqua
573 3929 659 3986 minis
688 3928 725 3984 ad
753 3927 886 3984 lenonem
915 3928 1019 3984 missus
1047 3925 1176 4000 puellam
1205 3926 1241 3984 ab

118 4049 152 4087 eo
176 4031 285 4106 accipit
308 4037 338 4087 et
361 4026 397 4086 ad
421 4035 582 4088 amatorem
604 4028 752 4106 perducit.
797 4027 851 4085 llis
874 4031 931 4085 iam
959 4027 1044 4085 factis
1067 4027 1133 4085 leno
1156 4027 1242 4086 laetus

119 4132 232 4190 Simoni
254 4133 373 4190 nuntiat
395 4131 574 4190 Pseudolum
596 4132 654 4187 iam
678 4133 789 4188 victum
812 4149 883 4200 esse,
909 4137 939 4187 st
956 4134 1005 4187 vix
1023 4128 1157 4225 credenti
1179 4131 1243 4207 ipse

118 4235 225 4308 viginti
247 4235 341 4291 minas
363 4234 529 4309 pollicetur,
553 4234 578 4290 si
596 4251 656 4290 non
675 4233 717 4289 ita
734 4234 781 4290 ait.
826 4231 902 4290 Ecce
921 4251 1008 4289 verus
1020 4231 1142 4308 Harpax
1159 4237 1243 4291 vonit

118 4337 247 4414 puellam
263 4341 380 4412 petens;
404 4337 501 4392 omnia
512 4331 658 4412 patefiunt
682 4340 713 4393 et
734 4335 801 4393 lano
820 4335 907 4392 militi
926 4333 1050 4410 decepto
1073 4335 1242 4411 quindecim
