2982 5020
622 451 769 508 Poenulus.
872 407 877 414 ·
1188 459 1250 520 295

85 647 267 717 quamvis
291 647 486 722 etymologica
507 652 587 706 ratio
609 649 720 725 duplex
738 650 748 706 l
766 651 941 725 requireret.
961 677 1003 689 -
1020 650 1049 708 6.
1073 651 1145 708 Post
1165 644 1253 722 iterio

83 742 238 821 hiatns;
269 747 365 826 Gepp.
391 746 540 827 „itaque“.

592 953 795 962 -·-.—-.-

471 1073 476 1084 ι
511 1176 516 1186 Ι
593 1111 785 1180 Prologum

93 1260 256 1320 Poenuli
279 1283 337 1322 non
360 1263 396 1320 ab
414 1265 479 1341 ipso
496 1264 603 1323 Plauto
623 1267 765 1343 scriptum
783 1285 933 1326 censemus
952 1273 1010 1324 tam
1027 1271 1152 1343 propter
1169 1285 1250 1322 men·

95 1365 238 1422 tionem
262 1368 368 1423 lacurn
392 1368 554 1440 tragoedias
577 1367 675 1440 Ennii,
699 1370 749 1445 qui
767 1367 874 1427 Plauto
893 1369 1045 1444 aliquanto
1064 1370 1161 1426 minor
1183 1367 1251 1436 luit,

97 1487 212 1544 quam
247 1470 317 1545 quia
345 1475 425 1527 totus
453 1471 572 1546 prologi
601 1469 683 1529 color
710 1491 728 1528 a
755 1470 868 1530 Casina
897 1471 1021 1548 prologo
1050 1469 1171 1547 paulurn
1201 1469 1249 1527 ab·

97 1571 239 1644 horret,
265 1593 292 1630 v.
310 1571 427 1645 Proleg.
444 1594 474 1650 p.
495 1574 564 1631 163.
609 1572 666 1631 Sed
689 1593 747 1632 non
770 1575 813 1631 ita
834 1573 937 1631 multis
960 1575 1044 1631 annia
1065 1578 1136 1650 post
1153 1573 1251 1630 Plauti

101 1681 253 1734 mortem
276 1675 468 1751 compositum
491 1695 564 1746 esse,
594 1675 725 1746 ostendit
746 1695 774 1734 v.
800 1679 848 1746 79,
877 1675 956 1734 unde
979 1681 1105 1754 apparet
1127 1675 1250 1734 Cartha·

102 1779 223 1854 ginem
248 1777 378 1837 nondum
401 1798 532 1836 eversam
552 1798 623 1850 esse,
646 1797 743 1856 neque
761 1781 796 1851 ei,
820 1781 871 1856 qui
888 1779 950 1837 haec
969 1779 1097 1856 scripsit,
1120 1779 1150 1836 in
1169 1797 1250 1837 rnen·
1365 1805 1366 1808 ¹

97 1888 179 1939 'tem
209 1881 295 1938 venit
316 1881 379 1939 lore
402 1886 435 1938 ut
457 1881 541 1939 brevi
564 1885 758 1938 everteretur.
813 1881 959 1958 Prologus
989 1881 1095 1958 incipit
1117 1882 1152 1940 ab
1176 1881 1251 1939 alius

105 1984 236 2043 fabulae
259 1983 480 2058 recordatione,
508 2003 596 2060 quam
618 1983 745 2041 sortasse
768 1984 845 2042 idem
869 1984 975 2043 histrio
999 1982 1157 2060 aliquando
1181 1983 1251 2061 egit,
1315 2016 1319 2026 r
1430 2036 1434 2044 .

109 2093 205 2144 certe
230 2086 448 2162 spectatoribus
476 2091 576 2144 notam
603 2107 666 2144 esse
695 2093 725 2144 et
752 2088 902 2144 memorie
932 2106 1033 2144 eorum
1062 2088 1150 2144 etiam
1173 2105 1251 2144 nunc

109 2191 279 2249 obversari
302 2194 411 2247 censet.
467 2188 512 2246 Ea
539 2189 696 2265 tragoedia
723 2195 768 2247 est
790 2189 823 2260 Q.
849 2189 951 2261 Ennii,
987 2189 1033 2246 oui
1055 2209 1163 2248 nomen
1186 2193 1252 2246 erat

84 2285 85 2288 ¹
111 2286 267 2352 Achiles
289 2285 486 2362 Aristarchi,
511 2295 579 2368 qnia
602 2292 639 2350 ab
662 2291 836 2350 Aristarcho
859 2291 999 2366 Tegeata¹
1023 2293 1074 2368 qui
1096 2289 1250 2368 Euripidis

115 2395 249 2472 aequalis
271 2395 378 2466 fuerat,
402 2413 464 2451 eam
487 2393 602 2452 Ennius
625 2396 840 2470 interpretatus
862 2398 936 2452 erat.
992 2393 1126 2452 Eandem
1148 2392 1251 2452 laudat

116 2500 216 2556 etiem
246 2495 352 2554 Festus
381 2519 411 2575 p.
436 2498 506 2556 242.
562 2499 702 2556 Auctoris
737 2503 838 2555 autent
869 2517 973 2556 nomen
1001 2497 1127 2554 Latinus
1160 2501 1251 2572 poeta
1358 2508 1360 2512 ’

118 2601 192 2658 ideo
217 2599 348 2670 addidit,
379 2607 427 2672 ut,
456 2619 546 2677 quum
575 2603 659 2678 prius
684 2601 808 2659 alteram
834 2599 956 2658 Achillis
978 2600 1096 2658 nomine
1119 2599 1249 2656 fabulam

118 2703 282 2774 docuisset,
312 2705 460 2778 posterior
482 2703 519 2759 ab
541 2703 594 2760 illa
616 2703 865 2778 distingueretur3
899 2713 930 2760 et
953 2707 1073 2760 exstant
1093 2703 1249 2778 utriusque

117 2807 299 2881 fragmenta.
318 2835 360 2843 —
382 2802 584 2864 commentari
607 2813 653 2862 est
676 2807 706 2862 in
729 2807 901 2863 memoriam
920 2825 1057 2864 revocare
1076 2804 1248 2881 repetendo,

119 2909 158 2966 cf.
183 2907 305 2965 Trucul.
331 2908 401 2965 723.
457 2905 515 2966 Cic.
540 2907 615 2966 Phil.
639 2907 691 2979 XI,
717 2910 744 2979 6,
771 2910 823 2966 13:
851 2907 945 2978 „altor
968 2913 1181 2966 commentatus
1204 2913 1250 2966 eat

121 3013 237 3081 mimos,
263 3009 340 3067 alter
363 3011 423 3086 egit
444 3007 657 3084 tragoediam“.
704 3009 823 3069 Sueten.
848 3009 946 3069 Gram.
972 3015 1007 3070 2:
1044 3015 1096 3085 „ut
1118 3012 1249 3068 carmina

119 3132 230 3190 parum
258 3111 354 3170 adhuc
382 3113 562 3188 divulgata.
584 3159 590 3171 .
611 3113 809 3188 .diligentius
838 3118 1033 3172 retractarent
1061 3134 1094 3172 ac
1122 3113 1248 3189 legendo

121 3213 409 3292 commentandoque
438 3216 528 3274 etiam
557 3217 662 3276 ceteris
685 3223 756 3274 nota
780 3211 942 3274 facerent‘⁴.
973 3246 1012 3255 -
1042 3217 1069 3274 2.
1105 3210 1245 3275 Inde...

123 3332 164 3376 aa
186 3331 237 3391 ec,
266 3315 449 3396 epexegesis,
482 3318 517 3375 cf.
543 3321 591 3378 78.
626 3347 668 3357 -
703 3319 730 3376 3.
767 3310 923 3394 Sticteque
951 3317 981 3378 ei
1003 3317 1111 3389 tacete,
1147 3317 1247 3376 Grece

125 3424 191 3498 elya
214 3421 314 3478 σιώπα.
348 3449 390 3460 -
424 3421 453 3478 4.
487 3415 611 3479 Audire
632 3414 716 3479 iubet
737 3436 796 3480 coa
818 3416 1002 3496 imperator,
1037 3421 1099 3478 hae
1128 3439 1247 3496 quoque

124 3523 213 3583 Ennii
241 3543 305 3582 esee
333 3523 487 3596 videntur,
521 3525 647 3582 comicus
679 3523 783 3582 addita
817 3543 887 3582 voce
920 3518 1072 3582 districtas
1101 3525 1131 3580 in
1165 3543 1246 3580 suam

124 3645 187 3684 rem
209 3628 366 3684 convertit.
411 3625 495 3684 Mull.
520 3645 622 3684 versus
645 3645 748 3685 causa:
776 3645 847 3698 ,uos
869 3624 982 3684 iubet“.
1006 3657 1049 3665 —
1072 3627 1184 3686 5—10.
1210 3625 1247 3683 ili

126 3747 227 3788 versus
255 3731 299 3800 ita
328 3717 551 3786 sententiarum*
571 3737 703 3787 tenorem
731 3727 853 3786 turbare
876 3729 1054 3788 videbantur
1076 3728 1246 3805 Geppertio,
1333 3809 1335 3813 ι

126 3837 159 3890 ut
180 3851 230 3888 eos
252 3837 321 3908 post
343 3853 371 3890 r.
398 3832 434 3888 16
458 3839 600 3908 poneret3
633 3811 701 3904 secl,¹
732 3831 821 3890 modo
851 3831 1049 3908 intelligamus
1072 3852 1117 3890 vv.
1143 3833 1246 3889 7-10

127 3933 318 4011 parenthesin
335 3933 441 4005 fecere,
465 3937 495 3990 et
511 3935 667 4010 iungamus
682 3933 841 4010 ,Bonoque
858 3938 892 3991 ut
909 3935 1006 3992 animo
1024 3933 1148 3993 sedeant
1166 3953 1247 4010 spec·

127 4041 247 4109 tutores,
271 4055 405 4112 exsurge,
427 4037 557 4112 preco“‚
580 4036 677 4094 locum
700 4041 832 4094 tuentur.
851 4065 891 4074 -··
911 4033 1042 4095 sedeant
1057 4041 1088 4094 ct
1106 4031 1246 4096 eurise

127 4140 171 4198 les
193 4138 260 4196 edd.
279 4167 320 4178 -
344 4140 372 4196 8.
395 4131 525 4211 sabulis.
562 4139 748 4198 dezdnal.
767 4160 797 4216 p.
816 4139 875 4197 206
903 4135 1035 4210 „Lusus“
1061 4141 1158 4217 inquit
1183 4146 1248 4213 „eat

128 4241 335 4302 vocabulorum
363 4241 481 4300 fabulae
507 4246 537 4299 et
558 4239 716 4313 fabulae“;
750 4259 809 4300 non
831 4241 928 4299 credo.
951 4271 993 4281 -
1015 4240 1141 4300 Constat
1162 4242 1248 4301 ludos

128 4348 156 4401 et
178 4342 256 4422 apud
279 4341 396 4402 Grecos
424 4348 455 4401 et
480 4343 558 4420 apud
582 4343 731 4404 Romanos
754 4362 838 4403 mane
860 4344 1005 4422 incepisse
1029 4337 1070 4420 (v.
1094 4344 1171 4402 infra
1196 4346 1243 4403 21.
