2978 5004
255 457 312 515 182
760 451 853 505 praue
1136 449 1184 514 111,
1203 452 1228 516 4,
1246 451 1366 504 32-41

252 641 381 706 Montes
404 647 440 706 tu
464 639 594 724 quidem
617 640 693 704 meli
717 641 750 705 in
772 662 822 704 me
846 641 999 706 ardentes
1021 641 1086 706 iem
1110 639 1232 706 dudum
1261 640 1368 704 iscis.

252 749 362 832 Perge,
401 749 562 827 excrucia,
601 749 765 828 serenior,
804 748 1067 831 quandoquidem
1107 749 1264 831 occepisti
1304 769 1369 812 se·

1070 856 1142 922 mel.
1301 873 1369 926 ero

699 1011 779 1075 Eut
814 1009 911 1076 chus

253 1117 326 1183 Non
349 1117 410 1183 tibi
433 1119 518 1184 istuc
541 1119 644 1201 magis
668 1033 811 1184 diuidieye
835 1126 893 1198 est,
917 1141 1013 1202 quam
1037 1119 1116 1184 mihi
1138 1118 1235 1184 hodie
1258 1117 1336 1183 fuit.

618 1269 620 1276 Ι
696 1295 912 1380 [Charinus

254 1405 323 1484 Die,
347 1407 421 1488 quis
445 1405 544 1470 emit?

703 1557 905 1642 Eutychus

559 1666 675 1732 Nescio
698 1665 818 1731 hercle.

704 1842 905 1908 Charinus

830 1951 899 2030 Em,
921 1951 1095 2016 istueinest
1117 1973 1249 2034 operam
1273 1951 1362 2018 dere

255 2059 380 2125 Bonum
402 2059 570 2124 sodalem?

701 2235 910 2320 Eutychus

582 2345 666 2424 Quid
688 2366 739 2410 me
762 2343 870 2410 fecere
893 2345 967 2409 uis‘?

705 2531 906 2598 Charinus

939 2643 1040 2722 Idem,
1064 2643 1151 2726 quod
1174 2665 1225 2706 me
1248 2643 1355 2720 uides,

254 2749 298 2814 Ut
320 2771 444 2833 pereas.
490 2749 574 2828 Quin
597 2750 827 2834 percontetu's,
855 2751 995 2816 hominis
1017 2773 1100 2833 ques
1130 2751 1227 2816 facies
1256 2751 1354 2830 foret,

254 2857 315 2934 Qui
338 2857 428 2923 illam
452 2860 592 2938 emisset,
615 2880 653 2923 eo
677 2859 704 2922 si
727 2865 824 2942 pecto
847 2865 959 2944 posset
981 2859 1166 2942 indagarier
1301 2877 1355 2929 615

254 2965 395 3031 Mulier?
418 2967 492 3032 Heu
513 2988 566 3032 me
588 2967 756 3032 miserum!

697 3142 909 3227 Eutychus

666 3251 760 3316 Flere
784 3253 907 3331 omitte,
930 3253 1015 3318 istuc
1037 3252 1124 3334 quod
1147 3269 1233 3316 nune
1256 3251 1352 3335 egis]

253 3357 339 3436 Quid
362 3379 422 3442 ego
445 3359 528 3424 feei?

703 3534 906 3602 Charinus

561 3645 739 3712 Perdidisti
761 3666 811 3710 me
835 3651 868 3711 et
889 3645 988 3711 fidem
1011 3666 1134 3712 meeum
1158 3651 1258 3709 tuem.

701 3833 906 3916 Eutyches

252 3943 293 4007 Di
316 3944 430 4022 sciunt,
454 3943 583 4028 eulpam
607 3965 714 4009 meam
736 3945 843 4008 istene
864 3964 930 4008 non
953 3963 1025 4008 esse
1048 3941 1159 4007 ullam.

318 4184 368 4236 609
385 4182 490 4237 Montis
561 4181 682 4237 ardentis
760 4183 812 4236 610
829 4181 972 4236 carnifexs
989 4181 1024 4246 B,
1043 4179 1193 4235 eernusexs
1211 4182 1235 4236 0
1302 4185 1353 4238 611

251 4267 310 4321 Nee
378 4267 557 4322 612Eem0
622 4271 673 4322 614
691 4269 784 4337 pacies
858 4269 909 4320 615
927 4267 1021 4321 eosB
1095 4268 1145 4320 616
1164 4267 1230 4322 fiere
1301 4271 1356 4325 617

253 4351 307 4404 GH.
326 4349 399 4418 Quid
468 4353 524 4408 EU.
543 4353 660 4422 perdisti
730 4356 781 4406 618
799 4351 858 4408 EU.
879 4369 929 4406 om⁴
