2978 5004
287 475 350 536 230
714 471 796 526 Miles
815 471 962 540 gloriosus.

285 678 418 724 narrare
440 671 470 722 et
493 665 517 722 A
540 671 570 722 et
592 665 624 724 B.
654 695 687 705 ·-
714 669 751 726 33
777 687 819 743 sq.
842 669 990 745 parasitus
1018 688 1124 727 seeum.
1169 664 1263 728 hosce
1285 670 1320 726 A.
1347 700 1386 708 —

239 793 244 806 ·
287 767 337 826 34.
362 761 584 828 Peraudienda
611 775 642 827 et
668 770 694 825 A
722 775 752 826 et
779 769 817 840 B3
852 775 953 828 tuetur
975 770 1067 846 Bugg.
1092 770 1199 846 Opusc.
1223 771 1262 828 ad
1285 771 1385 830 Madv.

285 889 314 946 p.
342 871 410 943 162,
439 891 615 948 quamquam
643 891 747 946 parurn
778 878 856 930 recte
884 879 952 948 post
976 871 1134 946 „auribus“
1160 878 1385 950 interpungens.

285 973 386 1032 Facile
420 975 539 1032 auditur
573 973 740 1032 subiectum
779 995 861 1050 „qum
891 976 1030 1048 narrat“;
1064 979 1094 1034 in
1127 980 1264 1054 proximo
1299 997 1387 1035 versu

284 1077 373 1154 poulo
407 1078 495 1136 aliter
530 1073 724 1154 „quidquid“.
771 1077 908 1154 Plerique
942 1097 1007 1136 oum
1035 1077 1143 1136 Guieto
1178 1101 1214 1136 ex
1243 1079 1265 1138 O
1296 1080 1387 1152 „Per-

284 1178 448 1238 haurieuda
470 1180 542 1238 baec
564 1177 664 1253 sunt“‚
689 1185 741 1238 aut
762 1180 880 1238 similia.
904 1209 945 1219 -
970 1174 1104 1240 Dentire
1125 1181 1269 1239 dicuntur
1290 1185 1385 1258 pueri,

284 1301 409 1359 quorum
433 1283 536 1342 dentes
564 1302 628 1340 curn
652 1281 755 1340 dolore
784 1285 973 1358 proveniunt.
1021 1283 1171 1342 Parasitus
1200 1287 1278 1342 same
1302 1285 1386 1343 labo·

283 1405 352 1444 rans
381 1385 519 1448 dentibus
553 1387 614 1447 suis
643 1385 767 1442 eundem
796 1385 926 1443 dolorem
954 1386 1070 1445 tribuit.
1102 1417 1141 1426 —
1172 1390 1220 1446 37.
1251 1381 1386 1447 Factum

283 1481 384 1546 hercle
405 1487 454 1546 est
469 1491 504 1546 A.
539 1487 701 1546 Gnathonis
724 1491 860 1564 sequitur
882 1489 1037 1548 consilium
1061 1489 1127 1548 Ter.
1151 1489 1228 1548 Eun.
1254 1493 1314 1548 251
1341 1511 1384 1566 sq.

282 1619 325 1628 -
348 1592 397 1648 38.
421 1583 535 1650 Habea.
580 1591 610 1648 Si
636 1588 776 1662 „Haben“
802 1593 832 1648 in
854 1591 880 1648 A
903 1597 1046 1662 exstaret,
1076 1600 1110 1648 ut
1140 1591 1300 1651 videbatur
1323 1593 1385 1650 Rit-

282 1691 401 1767 sohelio‚
435 1695 613 1769 reciperem3
647 1693 698 1750 sed
727 1699 815 1769 negat
843 1692 937 1771 Gepp.
961 1693 1045 1752 Stud.
1070 1695 1097 1751 ll
1119 1715 1148 1772 p.
1174 1697 1224 1753 22.
1271 1695 1384 1772 Pyrgo-

281 1795 424 1870 polinices
453 1815 594 1853 summam
619 1797 807 1853 victoriarum
837 1815 955 1854 suarum
986 1795 1128 1856 conficere
1152 1800 1275 1875 cupiens
1298 1818 1383 1876 para·
1453 1817 1455 1820 ·

281 1898 370 1956 sitnm
393 1918 441 1956 eae
464 1917 500 1956 ex
522 1897 627 1956 ordine
649 1898 767 1956 tabellis
790 1902 965 1976 consignare
988 1901 1061 1958 vult.
1079 1929 1121 1938 -
1137 1900 1207 1972 „Uis
1230 1899 1380 1974 rogare?“

281 1999 366 2058 codd.
386 1999 555 2072 Lambinus,
579 2003 626 2058 oui
644 2000 845 2078 adstipulatur
857 2002 920 2075 R.‚:
946 2003 1161 2079 „Subintellige
1177 2004 1314 2076 utendas,
1342 2007 1384 2062 vis

281 2124 299 2161 a
332 2123 378 2161 me
411 2105 595 2162 commodato
628 2101 770 2182 petere?“
806 2106 887 2184 quod
919 2105 984 2164 fieri
1020 2125 1078 2165 non
1112 2113 1219 2183 potest.
1266 2107 1384 2165 Acidal.

283 2204 371 2278 „Hui
400 2201 537 2282 rogare!“
564 2225 634 2281 ego:
672 2201 752 2282 Quia
781 2203 918 2285 sopore?
946 2213 965 2267 i.
990 2230 1014 2266 e.
1038 2209 1165 2267 Potesne
1189 2209 1322 2284 rogare?
1346 2211 1381 2267 oi.

280 2308 318 2366 ad
351 2307 441 2366 Most.
477 2310 548 2368 516.
603 2311 663 2368 Alii
695 2310 856 2369 Boxbornii
889 2315 1064 2370 sententiam
1104 2314 1198 2370 secuti
1234 2311 1379 2388 „rogare“

278 2411 531 2486 interpretantur:
576 2413 687 2470 milites
725 2413 908 2471 conscribere
948 2415 995 2472 vel
1033 2421 1218 2472 sacramento
1257 2434 1381 2489 rogare;

279 2533 428 2590 quumque
456 2515 511 2574 boo
543 2515 611 2572 huic
644 2517 709 2573 loeo
736 2535 841 2593 parum
870 2520 1055 2590 conveniret,
1085 2537 1131 2576 vv.
1158 2519 1282 2576 38—41
1313 2527 1383 2596 post

279 2617 668 2693 v-71posuernntDann.,
693 2619 773 2690 Lor.,
797 2618 858 2695 Ba,
881 2621 966 2696 quasi
989 2621 1041 2678 illa
1059 2621 1143 2678 verbi
1166 2622 1211 2679 ris
1235 2629 1289 2679 aut
1311 2643 1386 2689 oon-¹

278 2725 370 2778 staret
393 2727 445 2778 aut
468 2723 532 2778 veri
555 2721 661 2779 similis
684 2726 769 2780 esset.
805 2721 890 2796 Quid,
914 2724 994 2800 quod
1017 2725 1142 2799 parasiti
1165 2724 1292 2782 tabellae
1316 2745 1380 2782 oum

278 2823 380 2880 militis
414 2819 453 2895 (v.
480 2818 533 2897 73)
567 2825 764 2895 confundunt,
799 2831 829 2882 et
861 2831 1045 2884 sacramento
1079 2833 1231 2901 rogantem
1266 2827 1382 2886 faciunt

278 2945 365 3001 quem
399 2926 580 3003 stipendium
613 2947 769 2985 numerare
806 2924 846 3000 (v.
872 2925 924 2999 74)
955 2927 1109 2986 videmus?
1143 2928 1230 2988 Ribb.
1260 2932 1304 2988 sic
1334 2931 1379 2988 ed.

280 3027 358 3100 „PY.
382 3027 480 3086 Habes
503 3027 566 3086 -?
598 3028 660 3086 AR.
684 3029 822 3088 Tabellas
845 3033 892 3088 uis
915 3027 1059 3106 rogare?“
1104 3031 1137 3088 In
1161 3033 1187 3088 A
1212 3031 1375 3104 „labellas“

278 3135 308 3188 et
333 3127 471 3205 „rogari“
497 3131 633 3190 Loewlus
661 3133 717 3190 sibi
741 3132 886 3194 disnioere
910 3133 1073 3192 videbatur.
1097 3163 1137 3173 -
1162 3135 1212 3192 40.
1238 3135 1310 3193 tuos
1332 3149 1380 3192 mo

278 3233 312 3288 A.
337 3261 379 3270 -
400 3227 556 3306 meditate,
586 3254 613 3292 v.
637 3234 674 3293 ad
702 3235 806 3292 Bacch.
834 3237 903 3294 543.
927 3265 968 3276 -
991 3237 1041 3295 41.
1059 3231 1204 3310 praeolat
1226 3237 1259 3294 R.
1287 3258 1325 3295 ex
1345 3239 1377 3310 A,
1478 3265 1479 3300 ι

277 3333 328 3392 ubi
351 3334 423 3409 legit
447 3333 546 3394 PR..
568 3335 881 3408 OLATMIHIQUOD.
927 3337 970 3396 De
999 3343 1151 3397 structura
1181 3340 1265 3398 verbi
1290 3361 1317 3398 v.
1343 3341 1379 3397 ad

277 3436 384 3513 Amph.
404 3437 475 3524 3172
499 3437 534 3494 de
558 3437 654 3496 torma
678 3439 714 3496 ad
739 3439 827 3498 Most.
848 3442 899 3500 41.
926 3470 962 3478 -
987 3441 1038 3498 43.
1063 3434 1320 3517 Scytholatronia
1343 3463 1378 3500 ex

276 3539 429 3615 Ascripsi‚
453 3541 534 3616 quod
551 3542 587 3600 ab
604 3543 650 3614 iis,
674 3561 740 3618 quae
758 3541 793 3600 R.
806 3543 892 3618 legit:
916 3543 1104 3602 INSOXIK
1129 3544 1379 3604 CIATRONIAM
1478 3539 1479 3612 1

275 3643 400 3720 propius
421 3641 504 3702 abest
521 3663 609 3719 quam
628 3643 707 3720 quod
725 3646 789 3722 ipse
809 3646 904 3702 edidit
919 3649 967 3718 „in
980 3645 1293 3724 Cryphinlatbronia“.
1325 3648 1380 3706 Ea·
1478 3631 1479 3702 l

275 3744 342 3802 dam
372 3743 514 3822 Gepperti
543 3749 691 3806 sententia
719 3747 777 3806 fuit
800 3749 884 3807 Stud.
909 3749 936 3806 ll
958 3771 986 3826 p.
1016 3751 1062 3807 12.
1087 3779 1130 3788 -
1153 3752 1202 3807 44.
1237 3747 1378 3821 „Sardis“

276 3847 323 3906 Bo
356 3851 516 3926 ceterique,
551 3857 580 3907 et
612 3852 642 3908 in
671 3852 697 3907 A
727 3849 906 3910 Ritsobeliue
933 3849 1115 3924 ,‚Sard.is“,
1149 3855 1168 3910 i.
1192 3873 1217 3909 e.
1249 3853 1379 3922 Sardois,
1478 3875 1479 3888 *

275 3949 331 4008 sibi
354 3951 453 4026 legere
476 3951 641 4023 videbatur,
671 3954 753 4029 quod
775 3953 903 4013 libenter
932 3973 997 4012 eum
1021 3955 1054 4012 R.
1078 3953 1185 4029 Opusc.
1208 3954 1237 4012 Π
1262 3975 1292 4032 p.
1320 3957 1378 4014 649
1478 3995 1479 4004 ÷

276 4055 305 4109 et
327 4051 414 4112 Ribb.
438 4073 493 4131 pro
522 4055 648 4131 antiqua
676 4058 853 4114 nominativi
883 4057 978 4115 forma
1005 4076 1150 4132 caperem,
1180 4064 1215 4114 ut
1243 4058 1381 4116 emenda·
1478 4065 1479 4110 l

274 4155 357 4215 tione
389 4153 512 4230 „Sardi“
545 4175 619 4234 opus
647 4177 706 4216 non
734 4164 827 4232 esset3
861 4159 913 4218 aad
942 4158 1084 4236 Geppert.
1116 4157 1200 4218 Stud.
1229 4160 1259 4218 Π
1286 4181 1315 4236 p.
1344 4163 1380 4220 12
1478 4147 1479 4152 ¹

275 4241 410 4316 affirmat*
430 4260 460 4316 in
482 4258 509 4316 A
530 4258 622 4317 fuisse
646 4253 775 4320 Sardos.
821 4261 905 4320 Hune
933 4269 1051 4320 secutus
1078 4263 1162 4321 nolui
1185 4281 1250 4320 oum
1274 4267 1382 4322 ceteris
1478 4287 1479 4290 ¹

276 4361 341 4420 edd.
370 4365 440 4436 post
470 4354 607 4422 Memini
634 4365 858 4440 interpungere.
904 4363 1032 4422 Maxime
1063 4369 1139 4422 enim
1164 4363 1291 4424 offendit
1315 4389 1381 4426 oon·
1478 4401 1479 4406 ι
