2982 5000
95 461 196 516 supp.
223 447 329 502 28-35
613 447 760 500 Poenulus.
1186 451 1247 512 215

94 633 141 698 Id
170 637 235 700 uti
258 637 410 717 ignoscas
434 656 558 720 quaeso
581 643 623 710 et,
648 656 745 718 quom
769 636 852 701 istas
875 637 1030 701 inuenisti
1052 635 1146 714 filias,

96 741 161 806 Ita
189 764 250 808 me
275 743 308 809 di
330 751 450 822 ament,
474 743 554 808 milri
577 744 742 826 uoluptati
765 754 823 808 est.

618 885 646 949 H
658 907 705 950 an
714 907 760 951 no

746 993 882 1075 Ignosce
905 1001 938 1059 et
960 993 1057 1058 credo
1081 992 1249 1077 tibi.]1410

526 1136 847 1201 Antamoenides

99 1243 158 1308 Tu
190 1253 255 1309 aut
271 1245 411 1309 amicam
427 1243 508 1308 mihi
527 1243 584 1308 des
603 1243 771 1308 facitoaut
788 1246 860 1309 auri
880 1243 958 1308 mihi
978 1243 1096 1310 reddas
1116 1245 1246 1309 minam.

621 1385 646 1450 L
680 1405 747 1450 cus

101 1492 181 1558 Uin
209 1494 382 1560 tibicinam
405 1514 511 1560 meam
534 1408 678 1558 haberey?

526 1637 847 1702 Antamoenides

710 1745 797 1810 Nihil
821 1766 931 1810 moror
953 1744 1132 1809 tibicinam.

106 1852 271 1931 Nescias,
294 1858 403 1918 utrum
428 1853 458 1918 ei
480 1853 621 1918 maiores
645 1852 809 1918 buccaene
833 1873 875 1918 aa
898 1873 1056 1919 mammae
1080 1853 1175 1919 sient.

619 1994 721 2078 Lycu
733 2016 747 2058 s

111 2101 230 2184 Dabo,
253 2123 337 2186 quoe
360 2103 499 2187 placeat.

541 2244 831 2328 Agorastocles

497 2352 623 2419 Curato.

622 2494 748 2578 Lycus

614 2603 738 2668 Aurum
763 2623 836 2667 eras
860 2604 904 2668 ad
924 2609 957 2667 te
980 2601 1121 2666 referam
1144 2609 1246 2666 tuum.

537 2744 832 2826 Agorastocles

117 2848 241 2918 Facito
264 2853 298 2917 in
320 2854 477 2918 memoria
498 2853 634 2918 habeas.

622 2995 748 3078 Lycus

586 3103 688 3181 Miles,
715 3123 934 3185 sequererne.

526 3257 846 3321 Antamoenides

842 3363 911 3446 Ego
935 3385 1013 3429 uero
1037 3385 1165 3448 sequor.
1181 3382 1247 3434 1415

539 3481 833 3564 Agorastocles

122 3585 210 3664 Quid
233 3589 291 3666 ais,
316 3590 454 3673 patrue?
477 3589 607 3672 quando
631 3589 707 3654 hinc
730 3591 776 3653 ire
799 3593 925 3671 cogitas
950 3588 1204 3674 Carthaginem?

122 3694 207 3762 Nam
229 3703 337 3761 tecum
360 3697 439 3762 mihi
461 3719 527 3763 una
550 3699 597 3762 ire
621 3707 746 3761 certum
770 3706 828 3762 est.

614 3851 756 3916 Hanno

758 3956 820 4023 Ubi
845 3960 986 4041 primum
1009 3965 1135 4042 potero,
1159 3959 1245 4023 ilico.

126 4079 352 4089 ...--.—·--...-

194 4161 260 4213 1410
278 4160 432 4229 uoluptatis
451 4165 494 4214 est
596 4165 658 4215 1411
680 4163 757 4215 Leno
775 4165 882 4215 tuatem
900 4160 938 4229 Β,
966 4159 1043 4214 Leno
1063 4165 1094 4214 tu
1112 4161 1248 4215 autemO

124 4246 190 4298 1413
209 4245 264 4298 eim
280 4243 308 4298 B
393 4261 484 4300 mores
503 4245 627 4301 buccone
646 4263 800 4300 amammae
889 4248 1040 4303 1414111111
1124 4253 1247 4302 oramate

125 4331 193 4384 1415
211 4329 300 4384 Facto
369 4331 543 4384 immemor-ia
560 4331 587 4385 B
658 4332 723 4384 1416
742 4331 836 4398 cogita
854 4328 881 4384 Β
952 4333 1018 4384 1417
1036 4330 1105 4384 mihi
1123 4332 1217 4388 om.0
