2960 5000
245 429 304 492 rso
756 425 849 482 eruc
1168 377 1202 498 r]
1219 431 1243 496 s,
1262 430 1365 485 cco
1456 460 1461 585 κ

731 615 869 682 Hanno

240 721 497 790 Mesharbucca?

717 831 887 916 Milphio

540 939 630 1006 Istuc
652 939 714 1006 tihi
737 941 781 1006 sit
802 942 912 1024 potius
935 961 1032 1026 quam
1055 942 1143 1007 mihi.

656 1093 944 1178 Agorastocles

241 1198 328 1277 Quid
349 1175 418 1264 siit?

716 1309 887 1394 Milphio

455 1415 607 1482 Miseram
630 1436 699 1482 esse
723 1418 893 1500 praedicat
914 1418 1054 1484 buccam
1077 1417 1148 1484 sibi.
1295 1436 1356 1488 1000

241 1523 394 1589 Fortasse
417 1524 562 1590 medicos
584 1545 644 1590 nos
668 1546 740 1590 esse
764 1526 965 1592 arbitrarier.

649 1679 946 1761 Agorastocles

205 1785 208 1794 '
241 1785 276 1850 Si
298 1786 342 1850 ito
364 1791 423 1863 est,
445 1805 532 1868 nega
553 1807 641 1866 esse;
663 1786 739 1852 nolo
763 1805 822 1868 ego
845 1809 956 1854 errare
979 1787 1148 1871 hospitem.

239 1891 347 1958 Audin
368 1893 429 1957 tu?

733 2025 872 2090 Hanno

486 2130 807 2198 Ruieennuccistam.

655 2287 948 2370 Agorastocles

853 2395 906 2460 Sic
928 2397 1003 2462 uolo

239 2501 400 2583 Profecto,
423 2522 504 2568 uera
527 2507 645 2568 cuncta
667 2501 743 2566 huic
765 2503 955 2586 expeditior.

239 2609 341 2692 Roga,
364 2629 442 2675 num
464 2607 544 2694 quid
567 2631 649 2694 opus
672 2609 739 2675 sit?

714 2765 883 2849 Milphio

777 2871 835 2950 Tu,
858 2873 916 2956 qui
939 2892 1054 2938 zonam
1076 2893 1140 2936 non
1163 2871 1275 2950 habes,
1294 2887 1354 2940 1005

240 2978 325 3056 Quid
347 2979 380 3042 in
403 2977 488 3046 hano
510 2981 647 3058 uenistis
671 2977 784 3044 urbem
807 2988 865 3046 cut
887 2979 966 3062 quid
990 2981 1171 3064 quaeritis?

728 3133 870 3198 Hanno

239 3215 430 3301 hluphursa.

648 3325 946 3410 Agorastocles

488 3433 573 3512 Quid
595 3435 664 3501 ait?

730 3575 870 3642 Hanno

701 3685 975 3750 Miuulechianna.

653 3837 944 3919 Agorastocles

1017 3945 1104 4023 Quid
1126 3945 1239 4010 uenit?

307 4138 358 4191 999
375 4138 563 4194 mehsrhocca
580 4136 633 4192 ΒΟ
683 4137 807 4191 1009100
824 4152 876 4192 om.
932 4139 998 4192 1009
1017 4137 1039 4191 Β
1058 4137 1133 4192 Audi
1146 4135 1198 4192 Bo
1248 4137 1274 4191 X
1289 4137 1356 4192 deest

239 4223 331 4278 rufein
348 4225 385 4291 A,
404 4224 486 4279 rufcn
505 4223 528 4279 0
588 4221 809 4292 nyccho.sstam
828 4222 854 4276 A
915 4224 980 4277 1005
1000 4240 1097 4278 sonam
1116 4223 1142 4276 A
1206 4224 1272 4278 1006
1289 4219 1354 4290 Quid

239 4307 289 4363 hin
306 4308 379 4363 hano
396 4307 424 4361 B
493 4311 560 4363 1000
577 4306 803 4363 Muiulcchianna
821 4306 845 4364 0
