2960 5000
251 423 311 484 152
762 415 854 470 Plauti
1169 417 1227 484 ΠΙ,
1246 421 1272 486 6,
1291 420 1386 472 2-21

247 605 383 672 Interibi
407 605 586 671 adtulerint
608 613 694 684 sxta,
716 613 816 690 atque
839 605 952 672 eadem
975 591 1128 674 mulieres

248 715 318 780 Iam
340 714 382 779 ab
405 736 440 778 re
463 714 582 793 diuina,
604 715 715 794 oredo,
737 713 942 797 adparebunt
966 714 1063 779 domi.

249 823 313 890 Sed
341 821 419 905 quid
447 821 511 886 huo
540 829 669 887 tantum
698 821 865 903 hominum
887 823 1065 888 incedunt?
1097 822 1296 905 ecquidnam
1322 821 1388 886 ad-

1014 931 1146 996 ferunt?

250 1037 293 1104 Et
314 1038 383 1103 illio
407 1038 633 1122 chlamydatus
657 1039 805 1122 quisnam
829 1047 887 1114 est,
911 1040 967 1122 qui
991 1041 1139 1122 sequitur
1161 1038 1302 1122 prooul‘?

707 1176 909 1240 Aduooati

252 1282 356 1347 Aetoli
380 1283 468 1347 eines
491 1291 524 1348 te
546 1283 734 1362 salutamus,
758 1283 853 1365 Lyce,
1328 1301 1387 1352 ouo

251 1389 456 1474 Quamquam
480 1390 565 1456 hano
588 1389 728 1456 salutem
751 1391 885 1458 ierimus
907 1393 1004 1456 inuiti
1026 1391 1096 1457 tibi.

746 1528 871 1611 Lycus

251 1635 425 1700 Fortunati
447 1655 559 1699 omnes
582 1635 663 1713 sitis,
687 1635 774 1720 quod
798 1642 886 1700 certe
910 1637 977 1700 erio

251 1743 320 1809 Neo
342 1743 412 1808 iore
435 1763 496 1808 nee
519 1742 697 1808 Fortunam
720 1742 755 1807 id
779 1745 914 1808 situram
938 1743 1017 1809 fieri.

711 1862 915 1928 Aduooati

251 1970 318 2035 Iste
342 1977 393 2035 est
415 1969 612 2036 thensaurus
636 1970 747 2036 stultis
770 1973 804 2035 in
826 1971 940 2052 lingna
963 1973 1055 2050 situs,
1127 1983 1136 1994 ·

253 2077 297 2144 Ut
319 2079 471 2163 quaestui
493 2077 637 2144 habeant
660 2079 745 2144 male
768 2079 858 2162 loqui
880 2079 1080 2144 melioribus.

747 2197 876 2281 Lycus

254 2306 348 2370 Uiam
371 2307 426 2389 qui
450 2308 563 2382 nescit,
587 2327 651 2390 qua
674 2307 830 2373 deueniat
852 2307 895 2372 ad
917 2327 1016 2386 mare,

254 2413 338 2478 Eum
360 2420 491 2498 oportet
513 2434 639 2478 amnem
664 2435 822 2498 quaerere
846 2395 997 2480 comitem
1021 2415 1092 2480 sibi.

254 2523 323 2603 Ego
346 2522 429 2587 male
452 2521 607 2605 loquendi
630 2523 723 2588 uobis
746 2521 874 2588 nesoiui
896 2525 1000 2604 uiam3

253 2631 348 2695 Nune
370 2652 429 2696 uos
452 2629 530 2694 mihi
553 2632 659 2695 amnis
683 2632 779 2712 estis3
802 2653 861 2697 uos
883 2641 1008 2696 eertum
1031 2638 1083 2696 est
1106 2631 1208 2714 sequi.

254 2737 288 2804 Si
311 2737 521 2820 benedioetis,
544 2745 659 2803 nostra
680 2761 741 2804 uos
763 2741 838 2823 ripa
861 2761 998 2823 aequar3
1319 2755 1376 2808 630

253 2846 288 2914 Si
310 2846 521 2926 maledicetis,
543 2853 658 2912 nostro
682 2847 815 2930 gradiar
837 2848 948 2913 limite.

712 2968 911 3032 Aduooati

254 3073 341 3138 Malo
364 3073 555 3140 benefacere
578 3076 771 3140 tantundem
795 3083 845 3140 est
867 3076 1046 3158 perieulum

254 3181 417 3258 Quantum
440 3181 526 3246 bono
550 3183 752 3248 malefacere.

750 3313 876 3398 Lycus

805 3421 866 3500 Qui
890 3421 994 3486 uero?

722 3558 921 3623 Aduooam

1037 3665 1135 3732 Scies.

252 3786 479 3796 ——u-

321 3870 371 3922 616
390 3869 587 3924 attuleruntO
649 3871 699 3924 617
717 3870 844 3923 rediuiua
908 3870 958 3924 618
977 3875 1005 3924 et
1023 3869 1156 3938 quidnam
1174 3868 1202 3922 Β
1260 3869 1308 3922 616
1324 3868 1370 3922 ills

320 3961 450 4023 aequetur
512 3957 564 4009 626
581 3955 703 4010 Aetolici
721 3960 798 4008 neate
855 3957 903 4008 621
923 3956 1049 4010 additur:
1068 3960 1097 4010 et
1117 3971 1283 4023 quamquam
1300 3953 1370 4008 bena

251 4039 380 4093 uolumus
398 4040 500 4094 leniter
518 4041 666 4095 lenonibus
748 4042 800 4094 626
817 4039 896 4094 soron
916 4039 992 4108 &B,
1011 4040 1073 4094 iore
1091 4039 1162 4094 etO
1243 4038 1269 4092 S.
1288 4040 1369 4094 itata·

251 4125 354 4180 ramO
452 4128 503 4179 624
520 4125 587 4180 letio
681 4127 710 4179 in
729 4127 825 4193 lingna
842 4127 909 4180 situs
929 4142 979 4180 om.
998 4125 1026 4180 B
1123 4127 1175 4180 626
1193 4125 1268 4195 loqui
1286 4123 1328 4180 to
1344 4125 1371 4179 Β

251 4213 302 4265 626
319 4210 351 4264 Ε.
370 4227 420 4266 om.
500 4214 550 4266 629
570 4228 666 4265 amnes
744 4214 796 4266 660
812 4212 872 4281 ripa
889 4229 961 4264 uos.
1022 4213 1071 4266 661
1091 4217 1190 4265 nostra
1208 4211 1318 4280 gradiar
1334 4211 1371 4280 ly·

251 4296 319 4350 mito
336 4295 364 4350 B
433 4298 483 4350 662
501 4296 669 4352 tantundem
688 4298 711 4351 si
780 4299 831 4351 666
849 4297 916 4366 quid
