2960 5000
229 433 286 495 13ss
732 425 824 479 Plauti

644 614 924 698 Aporoslocles

225 725 269 790 llli
293 723 507 806 Milphidisce,
532 743 604 786 mes
627 723 850 800 commoditas
874 743 946 786 meo
969 721 1067 800 solue,

225 833 298 910 Fac,
323 831 410 917 quod
434 831 598 896 facturum
621 837 653 894 te
676 831 858 914 promisisti
881 829 969 908 mihi,

225 940 269 1005 Ut
292 961 351 1022 ego
375 940 461 1004 hune
483 940 633 1004 lenonem
655 939 799 1022 perdam.

696 1091 868 1172 Milphio

836 1199 994 1265 Perfacile
1016 1201 1049 1265 id
1073 1201 1206 1284 quidem
1230 1211 1294 1266 est,

223 1311 248 1388 1,
272 1310 398 1376 adduce
421 1311 516 1374 lestis
540 1315 662 1388 tecum3
688 1329 746 1389 ego
770 1310 858 1372 inlus
881 1309 1011 1372 inierim

224 1418 293 1481 lem
316 1425 349 1482 el
372 1419 573 1482 ornamentis
596 1419 676 1481 meis
701 1423 733 1480 sl
757 1416 979 1500 sycophantiis

224 1525 328 1591 Tuum
351 1526 515 1590 exornabo
540 1525 690 1603 uilicum;
714 1545 855 1608 propera
876 1532 977 1608 sique
1000 1525 1062 1590 abi.

643 1679 925 1762 Aporoslocles

227 1789 337 1871 Fugio.

694 1895 867 1974 Milphio

397 2003 506 2068 Meum
528 2005 616 2067 istuc
639 2004 741 2083 magis
765 2002 909 2067 officium
933 2025 1031 2086 quom
1054 2013 1154 2068 luurn.
1299 2023 1353 2075 426
1379 2031 1391 2048 ·

641 2157 947 2260 Aporosloclesy

225 2264 304 2346 Ege,
328 2285 387 2346 ego
411 2285 461 2342 ne,
487 2265 514 2328 si
537 2265 623 2328 istuc
645 2264 751 2348 lepide
774 2265 904 2344 ecfexis

694 2418 870 2500 Milphio

948 2527 963 2590 Ι
986 2527 1092 2591 modo.

636 2651 927 2733 Aporoslooles

225 2761 268 2827 Ut
290 2783 354 2827 non
377 2781 437 2844 ego
461 2765 494 2824 le
518 2759 616 2824 hodie

694 2895 864 2975 Milphio

652 3004 714 3068 Abi
738 3004 843 3069 modo.

642 3157 923 3241 Aporoslocles

891 3263 1049 3329 Emittam
1072 3285 1178 3340 manu,

695 3383 871 3462 Milphio

225 3493 240 3557 Ι
262 3493 367 3558 modo.

638 3598 924 3681 Aporoslocles

417 3708 491 3772 Non
514 3708 623 3772 hercle
646 3728 774 3772 mereor
796 3741 838 3752 -
861 3707 904 3772 oh
928 3743 969 3752 -

696 3861 870 3941 Milphio

1011 3967 1093 4046 Uoh,
1118 3969 1170 4033 abi
1195 3971 1306 4035 morlo.

290 4141 387 4192 scote
406 4156 464 4191 esse
483 4137 534 4192 Bc
617 4138 788 4206 promissio
871 4138 1067 4194 sielsoe
1151 4143 1246 4193 lecum
1264 4139 1357 4197 oisc

222 4225 272 4276 423
291 4239 341 4277 om.
360 4223 386 4276 A
448 4227 498 4277 424
517 4224 629 4276 uilicom
693 4227 744 4278 425
762 4225 855 4277 Meum
875 4230 918 4278 esi
936 4225 1009 4278 istuc
1071 4226 1121 4278 426
1137 4225 1236 4292 Egone
1257 4243 1354 4295 egone
1477 4231 1478 4252 ³

287 4307 403 4360 ecfexis
471 4313 522 4363 428
539 4327 663 4364 meream
682 4309 733 4363 ΒΟ
