<?xml version="1.0" encoding="UTF-8"?>
<!DOCTYPE html PUBLIC "-//W3C//DTD XHTML 1.0 Transitional//EN"
    "http://www.w3.org/TR/xhtml1/DTD/xhtml1-transitional.dtd">
<html xmlns="http://www.w3.org/1999/xhtml" xml:lang="en" lang="en">
 <head>
  <title>
</title>
<meta http-equiv="Content-Type" content="text/html;charset=utf-8" />
  <meta name='ocr-system' content='tesseract 3.04.00' />
  <meta name='ocr-capabilities' content='ocr_page ocr_carea ocr_par ocr_line ocrx_word'/>
</head>
<body>
  <div class='ocr_page' id='page_1' title='image "./missing/tmacciiplautico01ussigoog/tmacciiplautico01ussigoog_0589.png"; bbox 0 0 2982 5000; ppageno 0'>
   <div class='ocr_carea' id='block_1_1' title="bbox 752 441 1364 514">
    <p class='ocr_par' dir='ltr' id='par_1_1' title="bbox 752 441 1364 514">
     <span class='ocr_line' id='line_1_1' title="bbox 752 441 1364 514; baseline 0 -18"><span class='ocrx_word' id='word_1_1' title='bbox 752 441 844 498; x_wconf 67' lang='lat' dir='ltr'><strong>Plauti</strong></span> <span class='ocrx_word' id='word_1_2' title='bbox 1164 459 1242 514; x_wconf 77' lang='lat' dir='ltr'><strong>supp.</strong></span> <span class='ocrx_word' id='word_1_3' title='bbox 1263 444 1364 499; x_wconf 74' lang='lat'>19-27</span> 
     </span>
    </p>
   </div>
   <div class='ocr_carea' id='block_1_2' title="bbox 241 631 1343 930">
    <p class='ocr_par' dir='ltr' id='par_1_2' title="bbox 241 631 1343 930">
     <span class='ocr_line' id='line_1_2' title="bbox 655 631 948 715; baseline 0.003 -18"><span class='ocrx_word' id='word_1_4' title='bbox 655 631 948 715; x_wconf 77' lang='lat' dir='ltr'><strong>Agorastocles</strong></span> 
     </span>
     <span class='ocr_line' id='line_1_3' title="bbox 575 737 1149 806; baseline 0 0"><span class='ocrx_word' id='word_1_5' title='bbox 575 761 580 772; x_wconf 93' lang='lat'><em>·</em></span> <span class='ocrx_word' id='word_1_6' title='bbox 621 737 675 806; x_wconf 88' lang='lat' dir='ltr'><strong>Sic</strong></span> <span class='ocrx_word' id='word_1_7' title='bbox 697 746 761 804; x_wconf 89' lang='lat' dir='ltr'><strong>est:</strong></span> <span class='ocrx_word' id='word_1_8' title='bbox 785 740 882 805; x_wconf 89' lang='lat' dir='ltr'><strong>hodie</strong></span> <span class='ocrx_word' id='word_1_9' title='bbox 905 740 1038 806; x_wconf 83' lang='lat' dir='ltr'><strong>cenabis</strong></span> <span class='ocrx_word' id='word_1_10' title='bbox 1060 740 1149 806; x_wconf 88' lang='lat' dir='ltr'><strong>foris.</strong></span> 
     </span>
     <span class='ocr_line' id='line_1_4' title="bbox 241 847 1343 930; baseline 0 -18"><span class='ocrx_word' id='word_1_11' title='bbox 241 849 364 913; x_wconf 86' lang='lat' dir='ltr'><strong>Aurum</strong></span> <span class='ocrx_word' id='word_1_12' title='bbox 387 853 559 930; x_wconf 76' lang='lat' dir='ltr'><strong>argentum</strong></span> <span class='ocrx_word' id='word_1_13' title='bbox 587 847 716 928; x_wconf 88' lang='lat' dir='ltr'><strong>collum,</strong></span> <span class='ocrx_word' id='word_1_14' title='bbox 741 849 824 928; x_wconf 89' lang='lat' dir='ltr'><strong>leno,</strong></span> <span class='ocrx_word' id='word_1_15' title='bbox 847 849 908 914; x_wconf 88' lang='lat' dir='ltr'><strong>tris</strong></span> <span class='ocrx_word' id='word_1_16' title='bbox 931 869 982 914; x_wconf 87' lang='lat' dir='ltr'><strong>ros</strong></span> <span class='ocrx_word' id='word_1_17' title='bbox 1005 868 1091 914; x_wconf 85' lang='lat' dir='ltr'><strong>nuno</strong></span> <span class='ocrx_word' id='word_1_18' title='bbox 1113 849 1212 914; x_wconf 87' lang='lat' dir='ltr'><strong>debes</strong></span> <span class='ocrx_word' id='word_1_19' title='bbox 1236 849 1343 914; x_wconf 87' lang='lat' dir='ltr'><strong>simul.</strong></span> 
     </span>
    </p>
   </div>
   <div class='ocr_carea' id='block_1_3' title="bbox 242 1034 1369 1444">
    <p class='ocr_par' dir='ltr' id='par_1_3' title="bbox 242 1034 1369 1444">
     <span class='ocr_line' id='line_1_5' title="bbox 718 1034 872 1101; baseline 0.013 -2"><span class='ocrx_word' id='word_1_20' title='bbox 718 1034 872 1101; x_wconf 78' lang='lat' dir='ltr'><strong>&#39;Hanno</strong></span> 
     </span>
     <span class='ocr_line' id='line_1_6' title="bbox 243 1141 1265 1226; baseline 0 -18"><span class='ocrx_word' id='word_1_21' title='bbox 243 1142 329 1221; x_wconf 84' lang='lat' dir='ltr'><strong>Quid</strong></span> <span class='ocrx_word' id='word_1_22' title='bbox 351 1163 402 1208; x_wconf 92' lang='lat' dir='ltr'><strong>me</strong></span> <span class='ocrx_word' id='word_1_23' title='bbox 424 1143 544 1208; x_wconf 80' lang='lat' dir='ltr'><strong>heere</strong></span> <span class='ocrx_word' id='word_1_24' title='bbox 566 1141 675 1208; x_wconf 80' lang='lat' dir='ltr'><strong>iecere</strong></span> <span class='ocrx_word' id='word_1_25' title='bbox 698 1143 823 1222; x_wconf 78' lang='lat' dir='ltr'><strong>deceat,</strong></span> <span class='ocrx_word' id='word_1_26' title='bbox 847 1151 975 1226; x_wconf 84' lang='lat' dir='ltr'><strong>egomet</strong></span> <span class='ocrx_word' id='word_1_27' title='bbox 997 1163 1123 1208; x_wconf 88' lang='lat' dir='ltr'><strong>mecum</strong></span> <span class='ocrx_word' id='word_1_28' title='bbox 1147 1144 1265 1224; x_wconf 89' lang='lat' dir='ltr'><strong>cogito,</strong></span> 
     </span>
     <span class='ocr_line' id='line_1_7' title="bbox 243 1249 1369 1336; baseline 0.005 -20"><span class='ocrx_word' id='word_1_29' title='bbox 243 1251 292 1336; x_wconf 87' lang='lat' dir='ltr'><strong>[Si</strong></span> <span class='ocrx_word' id='word_1_30' title='bbox 315 1251 392 1317; x_wconf 90' lang='lat' dir='ltr'><strong>uolo</strong></span> <span class='ocrx_word' id='word_1_31' title='bbox 414 1250 501 1316; x_wconf 90' lang='lat' dir='ltr'><strong>hunc</strong></span> <span class='ocrx_word' id='word_1_32' title='bbox 522 1250 645 1329; x_wconf 83' lang='lat' dir='ltr'><strong>ulcisci,</strong></span> <span class='ocrx_word' id='word_1_33' title='bbox 669 1251 738 1317; x_wconf 88' lang='lat' dir='ltr'><strong>litis</strong></span> <span class='ocrx_word' id='word_1_34' title='bbox 762 1273 884 1336; x_wconf 81' lang='lat' dir='ltr'><strong>sequar</strong></span> <span class='ocrx_word' id='word_1_35' title='bbox 906 1253 938 1316; x_wconf 91' lang='lat' dir='ltr'><strong>in</strong></span> <span class='ocrx_word' id='word_1_36' title='bbox 962 1251 1069 1316; x_wconf 86' lang='lat' dir='ltr'><strong>slieno</strong></span> <span class='ocrx_word' id='word_1_37' title='bbox 1093 1249 1228 1334; x_wconf 84' lang='lat' dir='ltr'><strong>oppido]</strong></span> <span class='ocrx_word' id='word_1_38' title='bbox 1298 1270 1369 1322; x_wconf 81' lang='lat'>1400</span> 
     </span>
     <span class='ocr_line' id='line_1_8' title="bbox 242 1359 1336 1444; baseline -0.003 -18"><span class='ocrx_word' id='word_1_39' title='bbox 242 1359 409 1440; x_wconf 74' lang='lat' dir='ltr'><strong>Quantum</strong></span> <span class='ocrx_word' id='word_1_40' title='bbox 432 1359 545 1425; x_wconf 75' lang='lat' dir='ltr'><strong>audiui</strong></span> <span class='ocrx_word' id='word_1_41' title='bbox 566 1360 730 1442; x_wconf 80' lang='lat' dir='ltr'><strong>ingenium</strong></span> <span class='ocrx_word' id='word_1_42' title='bbox 754 1367 788 1426; x_wconf 90' lang='lat' dir='ltr'><strong>et</strong></span> <span class='ocrx_word' id='word_1_43' title='bbox 809 1381 917 1426; x_wconf 81' lang='lat' dir='ltr'><strong>mores</strong></span> <span class='ocrx_word' id='word_1_44' title='bbox 940 1361 1008 1426; x_wconf 90' lang='lat' dir='ltr'><strong>eius</strong></span> <span class='ocrx_word' id='word_1_45' title='bbox 1031 1381 1096 1443; x_wconf 92' lang='lat' dir='ltr'><strong>quo</strong></span> <span class='ocrx_word' id='word_1_46' title='bbox 1120 1367 1217 1444; x_wconf 79' lang='lat' dir='ltr'><strong>pecto</strong></span> <span class='ocrx_word' id='word_1_47' title='bbox 1240 1363 1336 1424; x_wconf 86' lang='lat' dir='ltr'><strong>sient.</strong></span> 
     </span>
    </p>
   </div>
   <div class='ocr_carea' id='block_1_4' title="bbox 243 1535 1009 1756">
    <p class='ocr_par' dir='ltr' id='par_1_4' title="bbox 243 1535 1009 1756">
     <span class='ocr_line' id='line_1_9' title="bbox 650 1535 948 1620; baseline -0.003 -19"><span class='ocrx_word' id='word_1_48' title='bbox 650 1535 948 1620; x_wconf 82' lang='lat' dir='ltr'><strong>Adelphasium</strong></span> 
     </span>
     <span class='ocr_line' id='line_1_10' title="bbox 243 1642 1009 1756; baseline -0.007 -46"><span class='ocrx_word' id='word_1_49' title='bbox 243 1645 288 1710; x_wconf 90' lang='lat' dir='ltr'><strong>Mi</strong></span> <span class='ocrx_word' id='word_1_50' title='bbox 310 1651 416 1728; x_wconf 81' lang='lat' dir='ltr'><strong>poter,</strong></span> <span class='ocrx_word' id='word_1_51' title='bbox 439 1665 480 1710; x_wconf 88' lang='lat' dir='ltr'><strong>ne</strong></span> <span class='ocrx_word' id='word_1_52' title='bbox 502 1642 581 1756; x_wconf 80' lang='lat' dir='ltr'><strong>quid</strong></span> <span class='ocrx_word' id='word_1_53' title='bbox 603 1643 663 1709; x_wconf 91' lang='lat' dir='ltr'><strong>tibi</strong></span> <span class='ocrx_word' id='word_1_54' title='bbox 685 1664 760 1708; x_wconf 91' lang='lat' dir='ltr'><strong>cum</strong></span> <span class='ocrx_word' id='word_1_55' title='bbox 783 1645 866 1708; x_wconf 88' lang='lat' dir='ltr'><strong>istoc</strong></span> <span class='ocrx_word' id='word_1_56' title='bbox 888 1645 935 1708; x_wconf 89' lang='lat' dir='ltr'><strong>rei</strong></span> <span class='ocrx_word' id='word_1_57' title='bbox 959 1645 1009 1708; x_wconf 89' lang='lat' dir='ltr'><strong>eit.</strong></span> 
     </span>
    </p>
   </div>
   <div class='ocr_carea' id='block_1_5' title="bbox 731 1820 1197 1994">
    <p class='ocr_par' dir='ltr' id='par_1_5' title="bbox 731 1820 1197 1994">
     <span class='ocr_line' id='line_1_11' title="bbox 731 1820 871 1886; baseline -0.007 -2"><span class='ocrx_word' id='word_1_58' title='bbox 731 1820 871 1886; x_wconf 76' lang='lat' dir='ltr'><strong>Hanno</strong></span> 
     </span>
     <span class='ocr_line' id='line_1_12' title="bbox 958 1929 1197 1994; baseline 0.008 -2"><span class='ocrx_word' id='word_1_59' title='bbox 958 1929 1001 1992; x_wconf 79' lang='lat' dir='ltr'><strong>At</strong></span> <span class='ocrx_word' id='word_1_60' title='bbox 1023 1949 1092 1994; x_wconf 83' lang='lat' dir='ltr'><strong>mes</strong></span> <span class='ocrx_word' id='word_1_61' title='bbox 1116 1951 1197 1994; x_wconf 73' lang='lat' dir='ltr'><strong>sum,</strong></span> 
     </span>
    </p>
   </div>
   <div class='ocr_carea' id='block_1_6' title="bbox 243 2070 1368 2372">
    <p class='ocr_par' dir='ltr' id='par_1_6' title="bbox 243 2070 1368 2372">
     <span class='ocr_line' id='line_1_13' title="bbox 664 2070 932 2136; baseline -0.007 0"><span class='ocrx_word' id='word_1_62' title='bbox 664 2070 932 2136; x_wconf 72' lang='lat' dir='ltr'><strong>Anterastilis</strong></span> 
     </span>
     <span class='ocr_line' id='line_1_14' title="bbox 1205 2179 1368 2246; baseline 0 -2"><span class='ocrx_word' id='word_1_63' title='bbox 1205 2179 1368 2246; x_wconf 79' lang='lat' dir='ltr'><strong>Obsecro.</strong></span> 
     </span>
     <span class='ocr_line' id='line_1_15' title="bbox 243 2284 1267 2372; baseline -0.001 -21"><span class='ocrx_word' id='word_1_64' title='bbox 243 2284 403 2351; x_wconf 78' lang='lat' dir='ltr'><strong>Ausculto</strong></span> <span class='ocrx_word' id='word_1_65' title='bbox 424 2287 544 2366; x_wconf 81' lang='lat' dir='ltr'><strong>sorori3</strong></span> <span class='ocrx_word' id='word_1_66' title='bbox 567 2287 630 2366; x_wconf 83' lang='lat' dir='ltr'><strong>obi,</strong></span> <span class='ocrx_word' id='word_1_67' title='bbox 656 2286 788 2368; x_wconf 86' lang='lat' dir='ltr'><strong>diiunge</strong></span> <span class='ocrx_word' id='word_1_68' title='bbox 811 2287 999 2353; x_wconf 81' lang='lat' dir='ltr'><strong>inimicitius</strong></span> <span class='ocrx_word' id='word_1_69' title='bbox 1023 2308 1096 2352; x_wconf 87' lang='lat' dir='ltr'><strong>oum</strong></span> <span class='ocrx_word' id='word_1_70' title='bbox 1118 2287 1267 2372; x_wconf 87' lang='lat' dir='ltr'><strong>inprobo.</strong></span> 
     </span>
    </p>
   </div>
   <div class='ocr_carea' id='block_1_7' title="bbox 241 2463 1369 2872">
    <p class='ocr_par' dir='ltr' id='par_1_7' title="bbox 241 2463 1369 2872">
     <span class='ocr_line' id='line_1_16' title="bbox 726 2463 872 2528; baseline 0 0"><span class='ocrx_word' id='word_1_71' title='bbox 726 2463 872 2528; x_wconf 84' lang='lat' dir='ltr'><strong>Hunno</strong></span> 
     </span>
     <span class='ocr_line' id='line_1_17' title="bbox 241 2569 1369 2656; baseline 0.004 -22"><span class='ocrx_word' id='word_1_72' title='bbox 241 2569 313 2635; x_wconf 86' lang='lat' dir='ltr'><strong>Hoc</strong></span> <span class='ocrx_word' id='word_1_73' title='bbox 336 2589 396 2654; x_wconf 76' lang='lat' dir='ltr'><strong>age</strong></span> <span class='ocrx_word' id='word_1_74' title='bbox 419 2573 479 2650; x_wconf 89' lang='lat' dir='ltr'><strong>sis,</strong></span> <span class='ocrx_word' id='word_1_75' title='bbox 501 2571 585 2637; x_wconf 85' lang='lat' dir='ltr'><strong>leno.</strong></span> <span class='ocrx_word' id='word_1_76' title='bbox 623 2571 828 2655; x_wconf 77' lang='lat' dir='ltr'><strong>Quamquam</strong></span> <span class='ocrx_word' id='word_1_77' title='bbox 851 2591 911 2653; x_wconf 89' lang='lat' dir='ltr'><strong>ego</strong></span> <span class='ocrx_word' id='word_1_78' title='bbox 933 2579 966 2636; x_wconf 89' lang='lat' dir='ltr'><strong>te</strong></span> <span class='ocrx_word' id='word_1_79' title='bbox 990 2573 1154 2651; x_wconf 88' lang='lat' dir='ltr'><strong>meruisse,</strong></span> <span class='ocrx_word' id='word_1_80' title='bbox 1176 2581 1213 2636; x_wconf 90' lang='lat' dir='ltr'><strong>ut</strong></span> <span class='ocrx_word' id='word_1_81' title='bbox 1236 2593 1369 2656; x_wconf 81' lang='lat' dir='ltr'><strong>pereae,</strong></span> 
     </span>
     <span class='ocr_line' id='line_1_18' title="bbox 1009 2681 1085 2759; baseline -0.013 -13"><span class='ocrx_word' id='word_1_82' title='bbox 1009 2681 1085 2759; x_wconf 88' lang='lat' dir='ltr'><strong>scio,</strong></span> 
     </span>
     <span class='ocr_line' id='line_1_19' title="bbox 242 2785 628 2872; baseline 0.003 -21"><span class='ocrx_word' id='word_1_83' title='bbox 242 2785 315 2852; x_wconf 88' lang='lat' dir='ltr'><strong>Non</strong></span> <span class='ocrx_word' id='word_1_84' title='bbox 338 2789 488 2872; x_wconf 76' lang='lat' dir='ltr'><strong>experior</strong></span> <span class='ocrx_word' id='word_1_85' title='bbox 509 2795 628 2853; x_wconf 90' lang='lat' dir='ltr'><strong>tecum.</strong></span> 
     </span>
    </p>
   </div>
   <div class='ocr_carea' id='block_1_8' title="bbox 242 2964 1369 3264">
    <p class='ocr_par' dir='ltr' id='par_1_8' title="bbox 242 2964 1369 3264">
     <span class='ocr_line' id='line_1_20' title="bbox 655 2964 947 3046; baseline 0 -18"><span class='ocrx_word' id='word_1_86' title='bbox 655 2964 947 3046; x_wconf 75' lang='lat' dir='ltr'><strong>Agorastocles</strong></span> 
     </span>
     <span class='ocr_line' id='line_1_21' title="bbox 502 3067 1369 3155; baseline 0.007 -19"><span class='ocrx_word' id='word_1_87' title='bbox 502 3071 615 3155; x_wconf 88' lang='lat' dir='ltr'><strong>Neque</strong></span> <span class='ocrx_word' id='word_1_88' title='bbox 638 3093 707 3155; x_wconf 91' lang='lat' dir='ltr'><strong>ego,</strong></span> <span class='ocrx_word' id='word_1_89' title='bbox 732 3073 759 3137; x_wconf 89' lang='lat' dir='ltr'><strong>si</strong></span> <span class='ocrx_word' id='word_1_90' title='bbox 783 3067 898 3136; x_wconf 75' lang='lat' dir='ltr'><strong>surum</strong></span> <span class='ocrx_word' id='word_1_91' title='bbox 920 3071 999 3136; x_wconf 91' lang='lat' dir='ltr'><strong>mihi</strong></span> <span class='ocrx_word' id='word_1_92' title='bbox 1021 3071 1137 3139; x_wconf 87' lang='lat' dir='ltr'><strong>reddes</strong></span> <span class='ocrx_word' id='word_1_93' title='bbox 1161 3093 1281 3138; x_wconf 91' lang='lat' dir='ltr'><strong>meum.</strong></span> <span class='ocrx_word' id='word_1_94' title='bbox 1298 3092 1369 3145; x_wconf 74' lang='lat'>1405</span> 
     </span>
     <span class='ocr_line' id='line_1_22' title="bbox 242 3176 1366 3264; baseline 0.002 -20"><span class='ocrx_word' id='word_1_95' title='bbox 242 3176 355 3260; x_wconf 68' lang='lat' dir='ltr'><strong>[Leno</strong></span> <span class='ocrx_word' id='word_1_96' title='bbox 378 3179 510 3263; x_wconf 82' lang='lat' dir='ltr'><strong>quondo</strong></span> <span class='ocrx_word' id='word_1_97' title='bbox 533 3201 572 3245; x_wconf 89' lang='lat' dir='ltr'><strong>ex</strong></span> <span class='ocrx_word' id='word_1_98' title='bbox 594 3201 696 3246; x_wconf 90' lang='lat' dir='ltr'><strong>neruo</strong></span> <span class='ocrx_word' id='word_1_99' title='bbox 719 3179 876 3258; x_wconf 70' lang='lat' dir='ltr'><strong>emissus,</strong></span> <span class='ocrx_word' id='word_1_100' title='bbox 900 3181 1098 3264; x_wconf 73' lang='lat' dir='ltr'><strong>compingere</strong></span> <span class='ocrx_word' id='word_1_101' title='bbox 1121 3181 1155 3245; x_wconf 88' lang='lat' dir='ltr'><strong>in</strong></span> <span class='ocrx_word' id='word_1_102' title='bbox 1185 3201 1366 3247; x_wconf 77' lang='lat' dir='ltr'><strong>carcerem.</strong></span> 
     </span>
    </p>
   </div>
   <div class='ocr_carea' id='block_1_9' title="bbox 240 3355 862 3529">
    <p class='ocr_par' dir='ltr' id='par_1_9' title="bbox 240 3355 862 3529">
     <span class='ocr_line' id='line_1_23' title="bbox 734 3355 862 3437; baseline -0.016 -17"><span class='ocrx_word' id='word_1_103' title='bbox 734 3355 862 3437; x_wconf 85' lang='lat' dir='ltr'><strong>Lycus</strong></span> 
     </span>
     <span class='ocr_line' id='line_1_24' title="bbox 240 3463 675 3529; baseline -0.005 -1"><span class='ocrx_word' id='word_1_104' title='bbox 240 3463 351 3528; x_wconf 79' lang='lat' dir='ltr'><strong>Ismuc</strong></span> <span class='ocrx_word' id='word_1_105' title='bbox 373 3469 483 3529; x_wconf 84' lang='lat' dir='ltr'><strong>eutem</strong></span> <span class='ocrx_word' id='word_1_106' title='bbox 506 3471 543 3528; x_wconf 93' lang='lat' dir='ltr'><strong>ut</strong></span> <span class='ocrx_word' id='word_1_107' title='bbox 566 3463 675 3528; x_wconf 78' lang='lat' dir='ltr'><strong>soles?</strong></span> 
     </span>
    </p>
   </div>
   <div class='ocr_carea' id='block_1_10' title="bbox 641 3639 962 3704">
    <p class='ocr_par' dir='ltr' id='par_1_10' title="bbox 641 3639 962 3704">
     <span class='ocr_line' id='line_1_25' title="bbox 641 3639 962 3704; baseline -0.009 0"><span class='ocrx_word' id='word_1_108' title='bbox 641 3639 962 3704; x_wconf 85' lang='lat' dir='ltr'><strong>Antamoenides</strong></span> 
     </span>
    </p>
   </div>
   <div class='ocr_carea' id='block_1_11' title="bbox 673 3747 1481 3848">
    <p class='ocr_par' dir='ltr' id='par_1_11' title="bbox 673 3747 1481 3848">
     <span class='ocr_line' id='line_1_26' title="bbox 673 3747 1481 3848; baseline 0.001 -37"><span class='ocrx_word' id='word_1_109' title='bbox 673 3747 753 3829; x_wconf 82' lang='lat' dir='ltr'><strong>Ego,</strong></span> <span class='ocrx_word' id='word_1_110' title='bbox 777 3747 893 3826; x_wconf 85' lang='lat' dir='ltr'><strong>Poene,</strong></span> <span class='ocrx_word' id='word_1_111' title='bbox 917 3747 979 3812; x_wconf 91' lang='lat' dir='ltr'><strong>tibi</strong></span> <span class='ocrx_word' id='word_1_112' title='bbox 1002 3767 1053 3812; x_wconf 91' lang='lat' dir='ltr'><strong>me</strong></span> <span class='ocrx_word' id='word_1_113' title='bbox 1075 3754 1252 3831; x_wconf 79' lang='lat' dir='ltr'><strong>purgatum</strong></span> <span class='ocrx_word' id='word_1_114' title='bbox 1275 3749 1366 3829; x_wconf 82' lang='lat' dir='ltr'><strong>uolo,</strong></span> <span class='ocrx_word' id='word_1_115' title='bbox 1480 3807 1481 3848; x_wconf 60' lang='lat'>3</span> 
     </span>
    </p>
   </div>
   <div class='ocr_carea' id='block_1_12' title="bbox 241 3855 1218 3940">
    <p class='ocr_par' dir='ltr' id='par_1_12' title="bbox 241 3855 1218 3940">
     <span class='ocr_line' id='line_1_27' title="bbox 241 3855 1218 3940; baseline -0.003 -18"><span class='ocrx_word' id='word_1_116' title='bbox 241 3855 275 3922; x_wconf 91' lang='lat' dir='ltr'><strong>Si</strong></span> <span class='ocrx_word' id='word_1_117' title='bbox 298 3855 377 3940; x_wconf 90' lang='lat' dir='ltr'><strong>quid</strong></span> <span class='ocrx_word' id='word_1_118' title='bbox 401 3856 468 3922; x_wconf 83' lang='lat' dir='ltr'><strong>dixi</strong></span> <span class='ocrx_word' id='word_1_119' title='bbox 490 3857 594 3922; x_wconf 81' lang='lat' dir='ltr'><strong>iratus</strong></span> <span class='ocrx_word' id='word_1_120' title='bbox 617 3856 796 3922; x_wconf 80' lang='lat' dir='ltr'><strong>aduersum</strong></span> <span class='ocrx_word' id='word_1_121' title='bbox 819 3857 917 3920; x_wconf 83' lang='lat' dir='ltr'><strong>enimi</strong></span> <span class='ocrx_word' id='word_1_122' title='bbox 942 3855 991 3920; x_wconf 92' lang='lat' dir='ltr'><strong>tui</strong></span> <span class='ocrx_word' id='word_1_123' title='bbox 1014 3855 1218 3934; x_wconf 82' lang='lat' dir='ltr'><strong>sententiam,</strong></span> 
     </span>
    </p>
   </div>
   <div class='ocr_carea' id='block_1_13' title="bbox 241 4075 1369 4401">
    <p class='ocr_par' dir='ltr' id='par_1_13' title="bbox 241 4075 1369 4401">
     <span class='ocr_line' id='line_1_28' title="bbox 309 4075 1366 4131; baseline 0.001 -1"><span class='ocrx_word' id='word_1_124' title='bbox 309 4078 375 4131; x_wconf 76' lang='grc'>1007</span> <span class='ocrx_word' id='word_1_125' title='bbox 393 4077 497 4131; x_wconf 83' lang='lat' dir='ltr'><strong>siceetu</strong></span> <span class='ocrx_word' id='word_1_126' title='bbox 513 4076 577 4130; x_wconf 87' lang='lat' dir='ltr'><strong>ideo</strong></span> <span class='ocrx_word' id='word_1_127' title='bbox 647 4077 781 4131; x_wconf 84' lang='lat' dir='ltr'><strong>ceusbilie</strong></span> <span class='ocrx_word' id='word_1_128' title='bbox 800 4076 826 4130; x_wconf 93' lang='grc' dir='ltr'><strong><em>Β</em></strong></span> <span class='ocrx_word' id='word_1_129' title='bbox 892 4075 1161 4131; x_wconf 81' lang='lat' dir='ltr'><strong>18981euostriere</strong></span> <span class='ocrx_word' id='word_1_130' title='bbox 1230 4075 1317 4130; x_wconf 83' lang='lat' dir='ltr'><strong>semel</strong></span> <span class='ocrx_word' id='word_1_131' title='bbox 1337 4075 1366 4131; x_wconf 97' lang='grc' dir='ltr'><strong><em>Β</em></strong></span> 
     </span>
     <span class='ocr_line' id='line_1_29' title="bbox 242 4158 1367 4231; baseline 0.001 -16"><span class='ocrx_word' id='word_1_132' title='bbox 242 4161 372 4217; x_wconf 73' lang='lat' dir='ltr'><strong>lucceio</strong></span> <span class='ocrx_word' id='word_1_133' title='bbox 390 4162 417 4216; x_wconf 94' lang='grc' dir='ltr'><strong><em>Β</em></strong></span> <span class='ocrx_word' id='word_1_134' title='bbox 487 4163 551 4216; x_wconf 90' lang='grc'>1401</span> <span class='ocrx_word' id='word_1_135' title='bbox 571 4161 647 4230; x_wconf 87' lang='lat' dir='ltr'><strong>quod</strong></span> <span class='ocrx_word' id='word_1_136' title='bbox 716 4167 799 4231; x_wconf 82' lang='lat' dir='ltr'><strong>pecto</strong></span> <span class='ocrx_word' id='word_1_137' title='bbox 817 4160 845 4215; x_wconf 94' lang='grc' dir='ltr'><strong><em>Β</em></strong></span> <span class='ocrx_word' id='word_1_138' title='bbox 917 4163 982 4214; x_wconf 77' lang='grc'>1400</span> <span class='ocrx_word' id='word_1_139' title='bbox 1000 4159 1036 4214; x_wconf 85' lang='lat' dir='ltr'><strong>Ni</strong></span> <span class='ocrx_word' id='word_1_140' title='bbox 1105 4177 1190 4228; x_wconf 90' lang='lat' dir='ltr'><strong>quom</strong></span> <span class='ocrx_word' id='word_1_141' title='bbox 1209 4158 1238 4215; x_wconf 93' lang='grc' dir='ltr'><strong><em>Β</em></strong></span> <span class='ocrx_word' id='word_1_142' title='bbox 1309 4163 1367 4217; x_wconf 83' lang='lat' dir='ltr'><strong>siet</strong></span> 
     </span>
     <span class='ocr_line' id='line_1_30' title="bbox 241 4245 1369 4303; baseline 0 -1"><span class='ocrx_word' id='word_1_143' title='bbox 241 4264 273 4303; x_wconf 79' lang='lat' dir='ltr'><strong>sc</strong></span> <span class='ocrx_word' id='word_1_144' title='bbox 291 4263 413 4302; x_wconf 79' lang='lat' dir='ltr'><strong>mserum</strong></span> <span class='ocrx_word' id='word_1_145' title='bbox 432 4247 548 4301; x_wconf 88' lang='lat' dir='ltr'><strong>obsecro</strong></span> <span class='ocrx_word' id='word_1_146' title='bbox 629 4246 694 4301; x_wconf 82' lang='grc'>1400</span> <span class='ocrx_word' id='word_1_147' title='bbox 713 4249 787 4301; x_wconf 88' lang='lat' dir='ltr'><strong>soroi</strong></span> <span class='ocrx_word' id='word_1_148' title='bbox 805 4246 833 4300; x_wconf 93' lang='grc' dir='ltr'><strong><em>Β</em></strong></span> <span class='ocrx_word' id='word_1_149' title='bbox 915 4247 979 4300; x_wconf 80' lang='grc'>1405</span> <span class='ocrx_word' id='word_1_150' title='bbox 998 4247 1021 4300; x_wconf 89' lang='lat' dir='ltr'><strong>ei</strong></span> <span class='ocrx_word' id='word_1_151' title='bbox 1038 4262 1084 4300; x_wconf 88' lang='lat' dir='ltr'><strong>me</strong></span> <span class='ocrx_word' id='word_1_152' title='bbox 1102 4262 1201 4300; x_wconf 82' lang='lat' dir='ltr'><strong>surum</strong></span> <span class='ocrx_word' id='word_1_153' title='bbox 1219 4245 1369 4302; x_wconf 82' lang='lat' dir='ltr'><strong>reddesO</strong></span> 
     </span>
     <span class='ocr_line' id='line_1_31' title="bbox 241 4330 910 4401; baseline 0 -16"><span class='ocrx_word' id='word_1_154' title='bbox 241 4332 308 4386; x_wconf 82' lang='grc'>1406</span> <span class='ocrx_word' id='word_1_155' title='bbox 326 4332 429 4385; x_wconf 86' lang='lat' dir='ltr'><strong>emisus</strong></span> <span class='ocrx_word' id='word_1_156' title='bbox 447 4330 474 4384; x_wconf 92' lang='grc' dir='ltr'><strong><em>Β</em></strong></span> <span class='ocrx_word' id='word_1_157' title='bbox 545 4334 609 4386; x_wconf 82' lang='grc'>1400</span> <span class='ocrx_word' id='word_1_158' title='bbox 627 4331 684 4386; x_wconf 82' lang='lat' dir='ltr'><strong>ism</strong></span> <span class='ocrx_word' id='word_1_159' title='bbox 755 4339 910 4401; x_wconf 79' lang='lat' dir='ltr'><strong>pugnatum</strong></span> 
     </span>
    </p>
   </div>
   <div class='ocr_carea' id='block_1_14' title="bbox 0 0 1496 4997">
    <p class='ocr_par' dir='ltr' id='par_1_14' title="bbox 0 0 1496 4997">
     <span class='ocr_line' id='line_1_32' title="bbox 0 0 1496 4997; baseline 0 0"><span class='ocrx_word' id='word_1_160' title='bbox 0 0 1496 4997; x_wconf 95' lang='lat' dir='ltr'><strong> </strong></span> 
     </span>
    </p>
   </div>
  </div>
 </body>
</html>
