2978 5004
265 427 326 488 216
762 419 855 474 runnu
1170 417 1204 486 v,
1221 419 1246 484 ι,
1265 417 1376 472 er-re
1475 403 1476 424 ³

717 609 915 692 Demipho

265 718 413 804 Supplici
437 717 499 783 sibi
524 723 632 782 sumet
655 717 741 801 quod
766 715 837 782 uolt
859 717 929 800 ipse
953 715 994 782 ob
1018 715 1102 782 benc
1124 715 1294 795 iniuriem3
1319 729 1377 782 999

264 825 364 892 Modo
388 847 502 909 pacem
526 825 655 890 faciatis
679 845 746 904 oro,
770 833 807 890 99
828 845 870 890 99
893 823 972 890 mihi
994 825 1099 890 iratus
1121 827 1192 890 siet.

265 935 298 1001 Si
321 935 430 1000 hercle
454 935 623 998 sciuissem
646 933 716 998 siue
740 933 823 1000 adeo
846 933 954 998 ioculo
977 932 1114 998 dixisset
1136 929 1214 996 mibi

267 1041 308 1109 Se
337 1043 430 1108 illum
460 1063 586 1120 amare,
615 1063 791 1124 numquam
821 1041 961 1108 facerem
991 1040 1139 1106 utillum
1163 1040 1287 1105 amanti
1311 1037 1373 1102 nb-

662 1137 667 1144 *
1085 1149 1247 1214 ducerem.

264 1260 422 1344 Eutyche,
451 1259 510 1324 ted
536 1277 593 1322 oro
616 1291 658 1303 —
680 1257 801 1322 sodalis
830 1259 899 1324 eius
922 1280 957 1324 es
979 1293 1020 1304 -
1042 1277 1138 1322 serua
1162 1261 1195 1319 et
1219 1253 1373 1318 subueni.

265 1367 360 1434 Hunc
383 1387 494 1433 senem
517 1386 600 1450 pare
622 1364 791 1447 clientem3
815 1389 991 1433 memorem
1014 1366 1103 1432 dices
1125 1361 1272 1430 benefici.
1318 1379 1375 1433 985
1478 1386 1479 1410 ³

688 1575 953 1660 Lysimachus

268 1685 345 1762 Ore,
369 1693 406 1750 ut
428 1685 578 1768 ignoscet
600 1683 728 1750 delictis
751 1687 817 1750 tuis
839 1693 939 1770 etque
963 1685 1213 1751 adulescentiae.

718 1895 830 1960 Demi
868 1895 915 1962 ho

267 2005 384 2086 Pergin
408 2011 445 2069 99
469 2011 578 2069 eutem
603 2005 636 2070 in
659 2025 710 2070 me
730 1918 869 2088 superbb
886 2003 1057 2070 inuebier?
1090 2004 1191 2087 Spero
1210 2023 1270 2086 ego
1289 2003 1373 2068 mihi

1086 2132 1217 2195 quoque

266 2219 409 2304 Tempus
431 2219 497 2284 tole
522 2227 725 2298 euenturum,
749 2227 787 2284 99
808 2219 869 2284 tibi
892 2221 1029 2302 gratiam
1051 2220 1189 2284 referem
1214 2241 1338 2304 parem.

685 2430 946 2514 Lysimachus

267 2539 386 2604 Missas
408 2540 472 2603 iam
497 2559 555 2622 ego
578 2539 660 2604 istas
683 2545 771 2604 artes
793 2539 865 2604 feci.

723 2748 916 2832 Demipho

740 2857 938 2942 nequidem
963 2879 1022 2941 ego
1046 2858 1163 2924 dehinc
1184 2860 1259 2923 ium.

687 3045 952 3126 Lysimachus

1172 3153 1262 3218 Nihil
1286 3155 1369 3236 apis.

268 3259 510 3328 consuetudine
534 3263 660 3327 unimus
682 3283 797 3326 rursus
820 3269 853 3326 te
875 3261 938 3327 huc
960 3263 1101 3328 inducet.

719 3471 916 3555 Demipho

1146 3577 1298 3660 Obsecro,
1318 3597 1373 3650 990

268 3688 356 3754 Setis
379 3691 443 3752 iem
468 3696 505 3752 ut
527 3687 689 3753 habeatis.
726 3686 810 3765 Quin
834 3691 911 3754 loris
931 3689 1060 3756 caedite
1083 3691 1193 3768 etiem,
1217 3691 1244 3753 si
1267 3689 1370 3753 lubet.

335 3961 386 4014 980
404 3961 458 4015 sibi
476 3959 571 4015 cro-O
637 3960 705 4028 quid
783 3963 831 4014 981
851 3959 936 4014 faciet
955 3962 1055 4016 misero
1074 3969 1106 4016 99
1123 3961 1152 4015 Β
1221 3962 1306 4014 iratus
1325 3965 1372 4014 999

266 4047 316 4100 989
333 4045 424 4098 loculo
494 4047 545 4100 988
563 4045 661 4100 Sede
726 4045 778 4099 984
796 4050 825 4098 99
894 4045 953 4098 eius
973 4064 1034 4102 esee
1052 4065 1118 4101 rure
1136 4051 1165 4102 99
1233 4046 1283 4098 985
1301 4061 1372 4113 pers

266 4148 310 4184 me
380 4127 501 4184 benefiet
518 4130 545 4183 B
622 4131 673 4184 986
691 4129 748 4184 LY.
769 4145 820 4184 om.
891 4130 998 4185 deliciis
1069 4133 1121 4187 987
1138 4129 1203 4188 uls.
1276 4135 1371 4183 sutem

266 4213 320 4269 huc
338 4217 457 4284 superbe
475 4215 508 4280 Β,
527 4221 618 4269 eutem
637 4214 686 4269 hie
704 4216 823 4285 superbe
842 4215 865 4270 0
932 4217 1065 4272 inuehere
1144 4217 1196 4272 989
1214 4213 1293 4269 LYS.
1314 4230 1367 4269 cm.

334 4299 437 4354 Missus
507 4299 637 4354 artificiet
706 4303 766 4371 egis
785 4317 835 4356 cm.
