2978 5004
276 489 340 550 214
780 482 872 536 Plauti
1199 481 1232 548 V,
1250 485 1276 548 4,
1295 483 1387 537 e-lo

723 671 932 756 Eutychus

277 782 340 860 Qui
363 781 447 846 bono
469 787 545 846 sunt
567 801 684 864 genero
707 783 786 860 nati,
808 781 838 844 si
859 787 937 846 sunt
958 781 1088 864 ingenio
1111 779 1207 859 malo,

278 889 402 973 Suapte
420 889 516 973 culpa
532 909 650 973 genere
668 889 797 970 cedunt,
816 911 918 971 genus
937 889 1066 972 ingenio
1079 909 1173 970 quom
1189 888 1382 972 inprobant.

732 1064 925 1150 Demipho

277 1173 398 1240 Uerum
421 1175 475 1239 hio
498 1173 586 1240 dicit.

696 1327 960 1408 Lysimachus

625 1435 698 1501 Tibi
722 1456 799 1518 ergo
823 1435 914 1500 dicit.

724 1607 934 1686 Eutychus

875 1714 922 1778 Eo
945 1713 1026 1778 illud
1049 1721 1100 1780 est
1122 1735 1236 1778 uerum
1258 1715 1383 1798 magis3

275 1823 360 1888 Nam
381 1831 414 1888 te
437 1824 519 1887 istae
541 1829 652 1887 aetate
674 1821 763 1886 haud
787 1844 927 1906 aequom
949 1822 1059 1888 fuerat
1080 1821 1147 1887 filio
1171 1829 1228 1886 tuo
1329 1841 1385 1893 960

274 1931 638 1996 Adulescenti.amanti
665 1931 806 1995 amicam
828 1932 954 2014 eripere
978 1939 1123 2016 emptam
1146 1937 1282 2014 argento
1307 1953 1381 1997 suo.

726 2107 924 2192 Demipho

277 2215 362 2293 Quid
383 2223 421 2280 tu
444 2215 515 2282 ais?
551 2214 686 2281 Charini
709 2217 847 2281 amicast
868 2217 950 2281 illa?

723 2371 930 2453 Eutychus

981 2477 1025 2544 Ut
1047 2477 1233 2543 dissimulat
1255 2477 1381 2542 melus!
1483 2449 1484 2477 ἓ

728 2633 840 2696 Demi
876 2632 924 2698 ho

275 2740 335 2805 Ille
357 2739 489 2823 quidem
510 2739 599 2804 illam
624 2761 694 2806 sese
718 2656 872 2806 ancillahi
894 2741 993 2806 matri
1015 2741 1130 2804 emisse
1154 2739 1291 2804 dixerat.

722 2895 802 2958 Eut
833 2895 929 2960 ohus

275 3002 454 3086 Propterea
475 3003 576 3085 igitur
599 3009 636 3068 tu
658 2917 844 3082 mercatu'ya
867 3023 969 3068 nouos
992 3009 1130 3079 amator,
1152 3007 1249 3066 uetus
1272 3002 1381 3084 puer?

695 3156 960 3239 Lysimachus

277 3261 418 3348 Optume
442 3263 567 3345 horole3
596 3285 695 3349 perge
718 3284 829 3345 porro.
874 3265 944 3348 Ego
972 3264 1130 3330 adsistam
1158 3263 1233 3327 hine
1263 3263 1381 3328 altrin-

1095 3391 1198 3438 seous.
1328 3390 1382 3441 965

277 3479 402 3556 Quibus
423 3486 475 3546 est
497 3481 592 3546 dietis
616 3481 742 3563 dignus,
765 3502 869 3565 usque
892 3501 1065 3546 oneremus
1088 3480 1193 3545 ambo.

725 3634 923 3718 Demipho

1153 3741 1270 3808 Nullus
1295 3765 1378 3807 sum.

724 3885 930 3969 Eutychus

275 3995 359 4061 Filio
382 4015 439 4060 suo
463 3995 521 4078 qui
542 3995 708 4060 innocenti
730 3994 809 4059 feeit
831 4002 957 4060 tantam
981 3995 1149 4074 iniuriam3

344 4235 395 4286 957
412 4232 472 4286 neti
490 4236 555 4286 sunt
657 4233 708 4286 958
726 4247 828 4300 genere
846 4233 961 4301 capiunt
978 4246 1067 4299 genus
1086 4232 1230 4301 ingenium
1326 4233 1380 4286 960

276 4321 367 4372 aetate
461 4319 510 4372 961
530 4322 653 4387 emptam
670 4323 790 4386 argento
809 4319 917 4386 eripere
1017 4319 1068 4372 962
1086 4317 1198 4371 oharine
1216 4315 1383 4372 atnioastO
1478 4375 1479 4380 χ

275 4404 327 4456 965
344 4417 428 4471 porro
447 4419 496 4456 om.
566 4403 678 4471 ergo&
744 4403 846 4456 alterio
864 4420 943 4458 secus
1478 4395 1479 4424 *
