<?xml version="1.0" encoding="UTF-8"?>
<!DOCTYPE html PUBLIC "-//W3C//DTD XHTML 1.0 Transitional//EN"
    "http://www.w3.org/TR/xhtml1/DTD/xhtml1-transitional.dtd">
<html xmlns="http://www.w3.org/1999/xhtml" xml:lang="en" lang="en">
 <head>
  <title>
</title>
<meta http-equiv="Content-Type" content="text/html;charset=utf-8" />
  <meta name='ocr-system' content='tesseract 3.04.00' />
  <meta name='ocr-capabilities' content='ocr_page ocr_carea ocr_par ocr_line ocrx_word'/>
</head>
<body>
  <div class='ocr_page' id='page_1' title='image "./tmacciiplautico01ussigoog_0210.png"; bbox 0 0 2978 5004; ppageno 0'>
   <div class='ocr_carea' id='block_1_1' title="bbox 149 473 1257 544">
    <p class='ocr_par' dir='ltr' id='par_1_1' title="bbox 149 473 1257 544">
     <span class='ocr_line' id='line_1_1' title="bbox 149 473 1257 544; baseline 0.011 -18"><span class='ocrx_word' id='word_1_1' title='bbox 149 473 192 542; x_wconf 82' lang='lat' dir='ltr'><strong>V,</strong></span> <span class='ocrx_word' id='word_1_2' title='bbox 212 477 240 542; x_wconf 82' lang='lat'><strong>2,</strong></span> <span class='ocrx_word' id='word_1_3' title='bbox 262 479 295 530; x_wconf 90' lang='lat'><strong>18</strong></span> <span class='ocrx_word' id='word_1_4' title='bbox 331 479 365 530; x_wconf 73' lang='lat'><strong>27</strong></span> <span class='ocrx_word' id='word_1_5' title='bbox 645 477 793 532; x_wconf 77' lang='lat' dir='ltr'><strong>Mercator.</strong></span> <span class='ocrx_word' id='word_1_6' title='bbox 1199 486 1257 544; x_wconf 78' lang='lat'><strong>201</strong></span> 
     </span>
    </p>
   </div>
   <div class='ocr_carea' id='block_1_2' title="bbox 152 665 1262 752">
    <p class='ocr_par' dir='ltr' id='par_1_2' title="bbox 152 665 1262 752">
     <span class='ocr_line' id='line_1_2' title="bbox 152 665 1262 752; baseline 0.004 -22"><span class='ocrx_word' id='word_1_7' title='bbox 152 665 279 749; x_wconf 85' lang='lat' dir='ltr'>Neque</span> <span class='ocrx_word' id='word_1_8' title='bbox 309 669 387 732; x_wconf 87' lang='lat' dir='ltr'><strong>mihi</strong></span> <span class='ocrx_word' id='word_1_9' title='bbox 415 667 484 732; x_wconf 81' lang='lat' dir='ltr'><strong>ulla</strong></span> <span class='ocrx_word' id='word_1_10' title='bbox 512 669 652 733; x_wconf 78' lang='lat' dir='ltr'><strong>obsistet</strong></span> <span class='ocrx_word' id='word_1_11' title='bbox 679 670 784 733; x_wconf 80' lang='lat' dir='ltr'><strong>amnis</strong></span> <span class='ocrx_word' id='word_1_12' title='bbox 807 691 912 751; x_wconf 86' lang='lat' dir='ltr'>neque</span> <span class='ocrx_word' id='word_1_13' title='bbox 934 690 1027 734; x_wconf 86' lang='lat' dir='ltr'><strong>mous</strong></span> <span class='ocrx_word' id='word_1_14' title='bbox 1049 691 1156 752; x_wconf 87' lang='lat' dir='ltr'>neque</span> <span class='ocrx_word' id='word_1_15' title='bbox 1180 671 1262 734; x_wconf 83' lang='lat' dir='ltr'>adeo</span> 
     </span>
    </p>
   </div>
   <div class='ocr_carea' id='block_1_3' title="bbox 151 799 1261 984">
    <p class='ocr_par' dir='ltr' id='par_1_3' title="bbox 151 799 1261 984">
     <span class='ocr_line' id='line_1_3' title="bbox 983 799 1081 856; baseline 0 -14"><span class='ocrx_word' id='word_1_16' title='bbox 983 799 1081 856; x_wconf 85' lang='lat' dir='ltr'>mare,</span> 
     </span>
     <span class='ocr_line' id='line_1_4' title="bbox 151 883 1261 984; baseline 0.003 -37"><span class='ocrx_word' id='word_1_17' title='bbox 151 883 232 947; x_wconf 86' lang='lat' dir='ltr'><strong>Nec</strong></span> <span class='ocrx_word' id='word_1_18' title='bbox 253 884 393 948; x_wconf 77' lang='lat' dir='ltr'>calorem</span> <span class='ocrx_word' id='word_1_19' title='bbox 417 907 456 948; x_wconf 82' lang='lat' dir='ltr'><strong>ac</strong></span> <span class='ocrx_word' id='word_1_20' title='bbox 484 885 585 968; x_wconf 86' lang='lat' dir='ltr'><strong>frigus</strong></span> <span class='ocrx_word' id='word_1_21' title='bbox 616 894 724 950; x_wconf 79' lang='lat' dir='ltr'><strong>metuo</strong></span> <span class='ocrx_word' id='word_1_22' title='bbox 752 907 857 968; x_wconf 88' lang='lat' dir='ltr'>neque</span> <span class='ocrx_word' id='word_1_23' title='bbox 868 893 1014 984; x_wconf 68' lang='lat' dir='ltr'><strong>⁸uentum</strong></span> <span class='ocrx_word' id='word_1_24' title='bbox 1038 907 1144 969; x_wconf 89' lang='lat' dir='ltr'>neque</span> <span class='ocrx_word' id='word_1_25' title='bbox 1166 909 1261 968; x_wconf 80' lang='lat' dir='ltr'>gran·</span> 
     </span>
    </p>
   </div>
   <div class='ocr_carea' id='block_1_4' title="bbox 153 995 1263 1620">
    <p class='ocr_par' dir='ltr' id='par_1_4' title="bbox 153 995 1263 1620">
     <span class='ocr_line' id='line_1_5' title="bbox 980 995 1104 1075; baseline -0.008 -15"><span class='ocrx_word' id='word_1_26' title='bbox 980 995 1104 1075; x_wconf 84' lang='lat' dir='ltr'>dinem3</span> 
     </span>
     <span class='ocr_line' id='line_1_6' title="bbox 153 1101 1115 1185; baseline 0.001 -20"><span class='ocrx_word' id='word_1_27' title='bbox 153 1101 677 1185; x_wconf 78' lang='lat' dir='ltr'>Imbrempcrpetiar31aborem</span> <span class='ocrx_word' id='word_1_28' title='bbox 701 1102 860 1182; x_wconf 81' lang='lat' dir='ltr'><strong>sufferam,</strong></span> <span class='ocrx_word' id='word_1_29' title='bbox 884 1103 994 1182; x_wconf 77' lang='lat' dir='ltr'><strong>solem,</strong></span> <span class='ocrx_word' id='word_1_30' title='bbox 1018 1104 1115 1167; x_wconf 76' lang='lat' dir='ltr'><strong>sitim.</strong></span> 
     </span>
     <span class='ocr_line' id='line_1_7' title="bbox 153 1210 1261 1295; baseline 0.003 -22"><span class='ocrx_word' id='word_1_31' title='bbox 153 1210 236 1274; x_wconf 89' lang='lat' dir='ltr'><strong>Non</strong></span> <span class='ocrx_word' id='word_1_32' title='bbox 282 1211 455 1274; x_wconf 81' lang='lat' dir='ltr'>concedam</span> <span class='ocrx_word' id='word_1_33' title='bbox 496 1231 600 1292; x_wconf 85' lang='lat' dir='ltr'>neque</span> <span class='ocrx_word' id='word_1_34' title='bbox 634 1212 796 1294; x_wconf 83' lang='lat' dir='ltr'><strong>quiescam</strong></span> <span class='ocrx_word' id='word_1_35' title='bbox 836 1231 973 1294; x_wconf 84' lang='lat' dir='ltr'><strong>usquam</strong></span> <span class='ocrx_word' id='word_1_36' title='bbox 1011 1218 1108 1276; x_wconf 83' lang='lat' dir='ltr'><strong>noctu</strong></span> <span class='ocrx_word' id='word_1_37' title='bbox 1156 1234 1261 1295; x_wconf 82' lang='lat' dir='ltr'>neque</span> 
     </span>
     <span class='ocr_line' id='line_1_8' title="bbox 982 1319 1263 1390; baseline 0.025 -6"><span class='ocrx_word' id='word_1_38' title='bbox 982 1319 1055 1384; x_wconf 86' lang='lat' dir='ltr'><strong>dius</strong></span> <span class='ocrx_word' id='word_1_39' title='bbox 1211 1339 1263 1390; x_wconf 84' lang='grc'><strong>850</strong></span> 
     </span>
     <span class='ocr_line' id='line_1_9' title="bbox 153 1427 1262 1510; baseline 0.001 -20"><span class='ocrx_word' id='word_1_40' title='bbox 153 1427 258 1491; x_wconf 85' lang='lat' dir='ltr'><strong>Prius</strong></span> <span class='ocrx_word' id='word_1_41' title='bbox 288 1427 443 1510; x_wconf 80' lang='lat' dir='ltr'>profecte,</span> <span class='ocrx_word' id='word_1_42' title='bbox 478 1449 576 1509; x_wconf 82' lang='lat' dir='ltr'><strong>quum</strong></span> <span class='ocrx_word' id='word_1_43' title='bbox 611 1437 669 1492; x_wconf 81' lang='lat' dir='ltr'><strong>aut</strong></span> <span class='ocrx_word' id='word_1_44' title='bbox 702 1431 839 1494; x_wconf 78' lang='lat' dir='ltr'>amicam</span> <span class='ocrx_word' id='word_1_45' title='bbox 869 1437 927 1493; x_wconf 81' lang='lat' dir='ltr'><strong>aut</strong></span> <span class='ocrx_word' id='word_1_46' title='bbox 960 1435 1097 1494; x_wconf 60' lang='lat' dir='ltr'><strong>moisem</strong></span> <span class='ocrx_word' id='word_1_47' title='bbox 1126 1430 1262 1494; x_wconf 80' lang='lat' dir='ltr'><strong>inuesti-</strong></span> 
     </span>
     <span class='ocr_line' id='line_1_10' title="bbox 979 1557 1108 1620; baseline -0.016 -18"><span class='ocrx_word' id='word_1_48' title='bbox 979 1557 1108 1620; x_wconf 80' lang='lat' dir='ltr'><strong>gauero.</strong></span> 
     </span>
    </p>
   </div>
   <div class='ocr_carea' id='block_1_5' title="bbox 151 1690 967 1880">
    <p class='ocr_par' dir='ltr' id='par_1_5' title="bbox 151 1690 967 1880">
     <span class='ocr_line' id='line_1_11' title="bbox 612 1690 818 1774; baseline 0.01 -20"><span class='ocrx_word' id='word_1_49' title='bbox 612 1690 818 1774; x_wconf 80' lang='lat' dir='ltr'><strong>Eutychus</strong></span> 
     </span>
     <span class='ocr_line' id='line_1_12' title="bbox 151 1799 967 1880; baseline 0.002 -18"><span class='ocrx_word' id='word_1_50' title='bbox 151 1799 282 1862; x_wconf 85' lang='lat' dir='ltr'><strong>Nescio</strong></span> <span class='ocrx_word' id='word_1_51' title='bbox 307 1801 406 1880; x_wconf 79' lang='lat' dir='ltr'><strong>quoia</strong></span> <span class='ocrx_word' id='word_1_52' title='bbox 427 1823 490 1864; x_wconf 84' lang='lat' dir='ltr'><strong>ucx</strong></span> <span class='ocrx_word' id='word_1_53' title='bbox 514 1801 554 1863; x_wconf 82' lang='lat' dir='ltr'><strong>ad</strong></span> <span class='ocrx_word' id='word_1_54' title='bbox 579 1800 666 1864; x_wconf 84' lang='lat' dir='ltr'><strong>auris</strong></span> <span class='ocrx_word' id='word_1_55' title='bbox 689 1800 766 1864; x_wconf 83' lang='lat' dir='ltr'><strong>mihi</strong></span> <span class='ocrx_word' id='word_1_56' title='bbox 790 1801 967 1865; x_wconf 80' lang='lat' dir='ltr'><strong>aduolauit.</strong></span> 
     </span>
    </p>
   </div>
   <div class='ocr_carea' id='block_1_6' title="bbox 616 1969 817 2037">
    <p class='ocr_par' dir='ltr' id='par_1_6' title="bbox 616 1969 817 2037">
     <span class='ocr_line' id='line_1_13' title="bbox 616 1969 817 2037; baseline 0.015 -3"><span class='ocrx_word' id='word_1_57' title='bbox 616 1969 817 2037; x_wconf 80' lang='lat' dir='ltr'><strong>Charinus</strong></span> 
     </span>
    </p>
   </div>
   <div class='ocr_carea' id='block_1_7' title="bbox 152 2079 1134 2266">
    <p class='ocr_par' dir='ltr' id='par_1_7' title="bbox 152 2079 1134 2266">
     <span class='ocr_line' id='line_1_14' title="bbox 1015 2079 1134 2144; baseline 0.017 -2"><span class='ocrx_word' id='word_1_58' title='bbox 1015 2079 1134 2144; x_wconf 87' lang='lat' dir='ltr'>Inuoco</span> 
     </span>
     <span class='ocr_line' id='line_1_15' title="bbox 152 2185 892 2266; baseline 0 -16"><span class='ocrx_word' id='word_1_59' title='bbox 152 2185 241 2263; x_wconf 86' lang='lat' dir='ltr'><strong>Uos,</strong></span> <span class='ocrx_word' id='word_1_60' title='bbox 267 2185 367 2250; x_wconf 83' lang='lat' dir='ltr'>Lares</span> <span class='ocrx_word' id='word_1_61' title='bbox 390 2187 503 2266; x_wconf 81' lang='lat' dir='ltr'><strong>uisles,</strong></span> <span class='ocrx_word' id='word_1_62' title='bbox 527 2193 565 2250; x_wconf 83' lang='lat' dir='ltr'><strong>ut</strong></span> <span class='ocrx_word' id='word_1_63' title='bbox 587 2208 638 2250; x_wconf 91' lang='lat' dir='ltr'><strong>me</strong></span> <span class='ocrx_word' id='word_1_64' title='bbox 662 2187 744 2252; x_wconf 88' lang='lat' dir='ltr'>bene</span> <span class='ocrx_word' id='word_1_65' title='bbox 766 2189 892 2253; x_wconf 70' lang='lat' dir='ltr'><strong>iuuetis.</strong></span> 
     </span>
    </p>
   </div>
   <div class='ocr_carea' id='block_1_8' title="bbox 147 2357 1096 2639">
    <p class='ocr_par' dir='ltr' id='par_1_8' title="bbox 147 2357 1096 2639">
     <span class='ocr_line' id='line_1_16' title="bbox 612 2357 820 2440; baseline 0.01 -20"><span class='ocrx_word' id='word_1_66' title='bbox 612 2357 820 2440; x_wconf 82' lang='lat' dir='ltr'><strong>Eutychus</strong></span> 
     </span>
     <span class='ocr_line' id='line_1_17' title="bbox 939 2467 1096 2551; baseline 0.006 -21"><span class='ocrx_word' id='word_1_67' title='bbox 939 2467 1096 2551; x_wconf 84' lang='lat' dir='ltr'><strong>Iuppiter,</strong></span> 
     </span>
     <span class='ocr_line' id='line_1_18' title="bbox 147 2574 559 2639; baseline -0.002 0"><span class='ocrx_word' id='word_1_68' title='bbox 147 2576 263 2639; x_wconf 83' lang='lat' dir='ltr'><strong>Estne</strong></span> <span class='ocrx_word' id='word_1_69' title='bbox 288 2574 355 2637; x_wconf 87' lang='lat' dir='ltr'><strong>illic</strong></span> <span class='ocrx_word' id='word_1_70' title='bbox 378 2574 559 2638; x_wconf 76' lang='lat' dir='ltr'><strong>Charinus?</strong></span> 
     </span>
    </p>
   </div>
   <div class='ocr_carea' id='block_1_9' title="bbox 602 2726 953 2915">
    <p class='ocr_par' dir='ltr' id='par_1_9' title="bbox 602 2726 953 2915">
     <span class='ocr_line' id='line_1_19' title="bbox 615 2726 815 2794; baseline 0.01 -2"><span class='ocrx_word' id='word_1_71' title='bbox 615 2726 815 2794; x_wconf 84' lang='lat' dir='ltr'><strong>Charinus</strong></span> 
     </span>
     <span class='ocr_line' id='line_1_20' title="bbox 602 2836 953 2915; baseline -0.006 -15"><span class='ocrx_word' id='word_1_72' title='bbox 602 2836 707 2915; x_wconf 78' lang='lat' dir='ltr'><strong>Ciues,</strong></span> <span class='ocrx_word' id='word_1_73' title='bbox 731 2837 813 2903; x_wconf 89' lang='lat' dir='ltr'>bene</span> <span class='ocrx_word' id='word_1_74' title='bbox 836 2838 953 2904; x_wconf 78' lang='lat' dir='ltr'>ualete.</span> 
     </span>
    </p>
   </div>
   <div class='ocr_carea' id='block_1_10' title="bbox 146 2991 1068 3284">
    <p class='ocr_par' dir='ltr' id='par_1_10' title="bbox 146 2991 1068 3284">
     <span class='ocr_line' id='line_1_21' title="bbox 609 2991 820 3075; baseline 0.009 -21"><span class='ocrx_word' id='word_1_75' title='bbox 609 2991 820 3075; x_wconf 81' lang='lat' dir='ltr'><strong>Eutychus</strong></span> 
     </span>
     <span class='ocr_line' id='line_1_22' title="bbox 989 3101 1068 3166; baseline -0.013 0"><span class='ocrx_word' id='word_1_76' title='bbox 989 3101 1068 3166; x_wconf 84' lang='lat' dir='ltr'>Ilico</span> 
     </span>
     <span class='ocr_line' id='line_1_23' title="bbox 146 3203 405 3284; baseline -0.019 -11"><span class='ocrx_word' id='word_1_77' title='bbox 146 3209 225 3284; x_wconf 82' lang='lat' dir='ltr'>Sta,</span> <span class='ocrx_word' id='word_1_78' title='bbox 253 3203 405 3269; x_wconf 81' lang='lat' dir='ltr'>Charine,</span> 
     </span>
    </p>
   </div>
   <div class='ocr_carea' id='block_1_11' title="bbox 442 3362 814 3546">
    <p class='ocr_par' dir='ltr' id='par_1_11' title="bbox 442 3362 814 3546">
     <span class='ocr_line' id='line_1_24' title="bbox 611 3362 814 3429; baseline 0.015 -3"><span class='ocrx_word' id='word_1_79' title='bbox 611 3362 814 3429; x_wconf 81' lang='lat' dir='ltr'><strong>Charinus</strong></span> 
     </span>
     <span class='ocr_line' id='line_1_25' title="bbox 442 3468 759 3546; baseline 0 -12"><span class='ocrx_word' id='word_1_80' title='bbox 442 3468 504 3546; x_wconf 83' lang='lat' dir='ltr'><strong>Qui</strong></span> <span class='ocrx_word' id='word_1_81' title='bbox 527 3492 579 3536; x_wconf 88' lang='lat' dir='ltr'><strong>me</strong></span> <span class='ocrx_word' id='word_1_82' title='bbox 602 3473 759 3537; x_wconf 78' lang='lat' dir='ltr'><strong>reuocat?</strong></span> 
     </span>
    </p>
   </div>
   <div class='ocr_carea' id='block_1_12' title="bbox 612 3624 1258 3819">
    <p class='ocr_par' dir='ltr' id='par_1_12' title="bbox 612 3624 1258 3819">
     <span class='ocr_line' id='line_1_26' title="bbox 612 3624 819 3709; baseline 0.019 -22"><span class='ocrx_word' id='word_1_83' title='bbox 612 3624 819 3709; x_wconf 85' lang='lat' dir='ltr'><strong>Eutychus</strong></span> 
     </span>
     <span class='ocr_line' id='line_1_27' title="bbox 797 3735 1258 3819; baseline 0.013 -19"><span class='ocrx_word' id='word_1_84' title='bbox 797 3735 885 3819; x_wconf 88' lang='lat' dir='ltr'>Spes,</span> <span class='ocrx_word' id='word_1_85' title='bbox 908 3737 1011 3818; x_wconf 67' lang='lat' dir='ltr'><strong>Salus</strong></span> <span class='ocrx_word' id='word_1_86' title='bbox 1038 3737 1258 3806; x_wconf 60' lang='lat' dir='ltr'><strong>Victuriacus</strong></span> 
     </span>
    </p>
   </div>
   <div class='ocr_carea' id='block_1_13' title="bbox 146 3886 815 4084">
    <p class='ocr_par' dir='ltr' id='par_1_13' title="bbox 146 3886 815 4084">
     <span class='ocr_line' id='line_1_28' title="bbox 610 3886 815 3955; baseline 0.01 -3"><span class='ocrx_word' id='word_1_87' title='bbox 610 3886 815 3955; x_wconf 83' lang='lat' dir='ltr'><strong>Charinus</strong></span> 
     </span>
     <span class='ocr_line' id='line_1_29' title="bbox 146 3985 466 4084; baseline -0.013 -24"><span class='ocrx_word' id='word_1_88' title='bbox 146 3993 245 4074; x_wconf 86' lang='lat' dir='ltr'><strong>Quid</strong></span> <span class='ocrx_word' id='word_1_89' title='bbox 271 4013 323 4084; x_wconf 70' lang='lat' dir='ltr'><strong>me</strong></span> <span class='ocrx_word' id='word_1_90' title='bbox 346 3985 466 4058; x_wconf 79' lang='lat' dir='ltr'><strong>uoltis?</strong></span> 
     </span>
    </p>
   </div>
   <div class='ocr_carea' id='block_1_14' title="bbox 148 4147 392 4163">
    <p class='ocr_par' dir='ltr' id='par_1_14' title="bbox 148 4147 392 4163">
     <span class='ocr_line' id='line_1_30' title="bbox 148 4147 392 4163; baseline 0.004 -8"><span class='ocrx_word' id='word_1_91' title='bbox 148 4147 392 4163; x_wconf 72' lang='lat'><em>„.....---</em></span> 
     </span>
    </p>
   </div>
   <div class='ocr_carea' id='block_1_15' title="bbox 224 4229 1259 4307">
    <p class='ocr_par' dir='ltr' id='par_1_15' title="bbox 224 4229 1259 4307">
     <span class='ocr_line' id='line_1_31' title="bbox 224 4229 1259 4307; baseline 0.009 -21"><span class='ocrx_word' id='word_1_92' title='bbox 224 4234 283 4286; x_wconf 83' lang='grc'><strong>848</strong></span> <span class='ocrx_word' id='word_1_93' title='bbox 300 4229 358 4285; x_wconf 85' lang='lat' dir='ltr'><strong>Nec</strong></span> <span class='ocrx_word' id='word_1_94' title='bbox 376 4232 453 4286; x_wconf 79' lang='lat' dir='ltr'>calor</span> <span class='ocrx_word' id='word_1_95' title='bbox 472 4251 523 4286; x_wconf 85' lang='lat' dir='ltr'><strong>nec</strong></span> <span class='ocrx_word' id='word_1_96' title='bbox 602 4237 652 4289; x_wconf 83' lang='lat'><strong>850</strong></span> <span class='ocrx_word' id='word_1_97' title='bbox 671 4237 732 4290; x_wconf 86' lang='lat' dir='ltr'><strong>duis</strong></span> <span class='ocrx_word' id='word_1_98' title='bbox 753 4237 782 4304; x_wconf 80' lang='lat'><strong>0,</strong></span> <span class='ocrx_word' id='word_1_99' title='bbox 802 4239 843 4290; x_wconf 88' lang='lat' dir='ltr'><strong>uis</strong></span> <span class='ocrx_word' id='word_1_100' title='bbox 862 4236 889 4291; x_wconf 95' lang='lat' dir='ltr'><em>B</em></span> <span class='ocrx_word' id='word_1_101' title='bbox 958 4241 1008 4290; x_wconf 81' lang='grc'><strong>852</strong></span> <span class='ocrx_word' id='word_1_102' title='bbox 1028 4239 1101 4292; x_wconf 77' lang='lat' dir='ltr'><strong>Hinc</strong></span> <span class='ocrx_word' id='word_1_103' title='bbox 1118 4255 1204 4307; x_wconf 75' lang='lat' dir='ltr'><strong>usque</strong></span> <span class='ocrx_word' id='word_1_104' title='bbox 1221 4241 1259 4295; x_wconf 80' lang='lat' dir='ltr'><strong>ad</strong></span> 
     </span>
    </p>
   </div>
   <div class='ocr_carea' id='block_1_16' title="bbox 147 4317 1259 4475">
    <p class='ocr_par' dir='ltr' id='par_1_16' title="bbox 147 4317 1259 4475">
     <span class='ocr_line' id='line_1_32' title="bbox 148 4317 1259 4394; baseline 0.009 -23"><span class='ocrx_word' id='word_1_105' title='bbox 148 4323 263 4377; x_wconf 65' lang='lat' dir='ltr'><strong>emicem</strong></span> <span class='ocrx_word' id='word_1_106' title='bbox 285 4317 387 4382; x_wconf 65' lang='lat' dir='ltr'><strong>fabule</strong></span> <span class='ocrx_word' id='word_1_107' title='bbox 406 4317 624 4386; x_wconf 75' lang='lat' dir='ltr'><strong>Opersonarum</strong></span> <span class='ocrx_word' id='word_1_108' title='bbox 641 4330 722 4376; x_wconf 77' lang='lat' dir='ltr'>notae</span> <span class='ocrx_word' id='word_1_109' title='bbox 740 4325 851 4390; x_wconf 81' lang='lat' dir='ltr'><strong>omittit;</strong></span> <span class='ocrx_word' id='word_1_110' title='bbox 870 4327 901 4377; x_wconf 77' lang='lat' dir='ltr'><strong>in</strong></span> <span class='ocrx_word' id='word_1_111' title='bbox 915 4325 1010 4377; x_wconf 67' lang='lat' dir='ltr'><strong>mediis</strong></span> <span class='ocrx_word' id='word_1_112' title='bbox 1027 4325 1148 4379; x_wconf 75' lang='lat' dir='ltr'><strong>uersibus</strong></span> <span class='ocrx_word' id='word_1_113' title='bbox 1165 4329 1259 4394; x_wconf 76' lang='lat' dir='ltr'><strong>spatia</strong></span> 
     </span>
     <span class='ocr_line' id='line_1_33' title="bbox 147 4405 791 4475; baseline -0.002 -12"><span class='ocrx_word' id='word_1_114' title='bbox 147 4409 256 4463; x_wconf 74' lang='lat' dir='ltr'><strong>relicta</strong></span> <span class='ocrx_word' id='word_1_115' title='bbox 276 4409 342 4457; x_wconf 76' lang='lat' dir='ltr'><strong>sum</strong></span> <span class='ocrx_word' id='word_1_116' title='bbox 408 4407 458 4458; x_wconf 87' lang='grc'><strong>853</strong></span> <span class='ocrx_word' id='word_1_117' title='bbox 477 4405 579 4459; x_wconf 79' lang='lat' dir='ltr'><strong>uinetis</strong></span> <span class='ocrx_word' id='word_1_118' title='bbox 596 4405 631 4475; x_wconf 85' lang='lat' dir='ltr'><strong>B,</strong></span> <span class='ocrx_word' id='word_1_119' title='bbox 651 4410 748 4461; x_wconf 75' lang='lat' dir='ltr'><strong>tutetie</strong></span> <span class='ocrx_word' id='word_1_120' title='bbox 768 4409 791 4462; x_wconf 84' lang='lat'><em>0</em></span> 
     </span>
    </p>
   </div>
   <div class='ocr_carea' id='block_1_17' title="bbox 0 0 1524 5004">
    <p class='ocr_par' dir='ltr' id='par_1_17' title="bbox 0 0 1524 5004">
     <span class='ocr_line' id='line_1_34' title="bbox 0 0 1524 5004; baseline 0 0"><span class='ocrx_word' id='word_1_121' title='bbox 0 0 1524 5004; x_wconf 95' lang='lat' dir='ltr'><strong> </strong></span> 
     </span>
    </p>
   </div>
  </div>
 </body>
</html>
