2954 5002
283 439 322 499 56
796 432 887 488 Plane
1199 433 1235 498 11,
1253 435 1278 496 a,
1297 433 1396 487 se-ro

760 622 790 688 H
797 645 840 688 ar
874 645 922 688 ax

281 731 352 814 Ege
376 731 531 797 deuorlsr
554 737 648 796 extra
669 738 798 815 portam
822 647 885 797 hdo
907 734 939 796 in
962 731 1136 798 tabernam
1159 733 1288 796 tertiam

283 839 378 922 Apud
401 859 500 904 snum
523 839 614 906 illam
638 839 805 918 doliarem‚
831 840 994 918 claudam,
1018 860 1169 918 crassam,
1194 837 1385 924 Chrysidem.

728 1027 957 1094 Pseudolus

283 1135 370 1213 Quid
391 1157 478 1201 nuno
500 1137 573 1201 uis?

757 1265 923 1350 Herp'ax

571 1375 650 1440 lude
672 1383 711 1441 ut
733 1397 784 1442 me
808 1396 965 1456 arcessas,
988 1397 1062 1442 erus
1086 1383 1162 1441 tuus
1185 1375 1240 1441 ubi
1262 1375 1391 1440 uenerit.

727 1546 955 1614 Pseudolus

281 1655 350 1720 Tuo
373 1655 551 1736 arbitram
574 1675 733 1722 maxume.

758 1809 921 1893 Harpax

778 1917 862 1982 Nam
886 1925 922 1982 ut
944 1917 1049 1984 lassus
1072 1919 1146 1984 ueni
1171 1917 1210 1983 de
1233 1919 1293 1996 uis,

279 2025 331 2089 Me
355 2025 430 2092 uolo
454 2046 579 2090 curare.

725 2167 955 2234 Pseudolus

629 2275 714 2343 Sane
737 2277 824 2361 sapis
848 2283 881 2342 el
904 2277 1075 2342 consilium
1099 2277 1218 2360 placet.
1344 2291 1389 2344 665

279 2383 342 2450 Sed
367 2383 443 2450 uide
467 2385 511 2449 eis
534 2405 574 2448 ue
596 2385 631 2449 iu
653 2386 843 2470 quaestione
867 2386 921 2464 sis,
945 2383 1076 2469 quando
1101 2405 1275 2460 arcessam,
1298 2381 1374 2448 mihi.

758 2573 920 2656 Harpax

282 2678 366 2756 Quin
389 2679 445 2745 ubi
469 2679 639 2764 praedato,
665 2680 750 2746 dabo
774 2701 906 2764 operam
929 2701 1051 2746 somno.

726 2867 952 2934 Pseudolus

1096 2976 1181 3042 Sane
1204 2997 1325 3042 censeo.

757 3118 921 3202 Harpax

279 3223 365 3289 Num
389 3225 563 3309 quiduis?

725 3368 956 3436 Pseudolus

526 3475 713 3544 Dormitum
735 3475 905 3570 ulvabeas.

755 3665 920 3749 Harpax

873 3774 972 3838 Abeo.

277 3895 510 3906 ..maa-.-

346 3995 394 4049 661
414 3991 567 4048 ΗΑοηι.Β
625 3993 761 4048 deuortor
823 3995 873 4048 662
892 3994 1016 4049 diabolis
1033 3995 1174 4049 recludam
1189 3993 1225 4062 B,
1245 3993 1381 4048 dioboliare

278 4079 432 4144 eludamO
502 4095 627 4148 grossam
702 4079 861 4149 ehyrsidem
879 4079 907 4134 B
981 4082 1031 4134 663
1051 4079 1219 4135 assereusA
1288 4079 1334 4133 664
1349 4093 1380 4130 ar·

277 4171 409 4290 bilrildoo
462 4235 513 4288 665
531 4233 599 4288 nolo
620 4231 672 4287 Bo
731 4231 757 4286 S.
778 4249 845 4288 sane
863 4231 899 4300 B,
918 4233 1055 4288 SiseneG
1121 4235 1172 4288 666
1190 4233 1284 4289 tibic
1341 4231 1380 4285 666

276 4319 356 4374 Nune
375 4319 441 4388 quid
