2982 5020
556 451 587 506 v.
606 453 748 508 sae-ssa.
1154 461 1215 520 323

59 645 185 700 torem
214 645 343 704 voluisse
372 645 418 704 vel
441 647 570 722 proximi
593 667 695 708 versus
718 645 883 708 similitudo
906 648 1044 721 ostendit,
1074 649 1127 708 sed
1149 669 1215 708 con·

60 744 138 802 silii
171 747 305 822 leporem
328 769 385 806 non
410 750 502 826 magis
526 769 613 826 quam
635 769 740 810 vorsus
762 751 955 816 laudaverim.
978 779 1021 792 -
1051 752 1121 810 570.
1145 751 1217 810 Ρ661

61 840 139 904 tibi
168 849 288 924 biatus;
312 850 396 910 Both.
425 851 498 922 „tibi
520 848 604 910 uos“‚
625 883 666 892 -
688 849 797 927 solam,
822 840 917 932 pedis.
941 884 984 894 -
1008 855 1078 913 571.
1105 850 1216 930 „qaod

61 959 214 1028 propter
235 953 266 1010 id
291 949 390 1030 quod“
418 955 518 1014 bamb.
546 984 582 994 -
619 957 689 1016 572.
719 953 837 1016 initiate
867 943 968 1032 toqui,
999 977 1026 1015 v.
1051 957 1088 1016 ud
1110 956 1216 1016 Bacch.

62 1053 160 1114 462.
212 1055 306 1128 „male
335 1057 418 1132 loqui
447 1053 554 1116 alicui“
585 1057 755 1118 16166625.
781 1061 852 1118 628.
876 1061 927 1118 cfr.
955 1061 1046 1118 1321.
1071 1088 1113 1099 -
1146 1061 1216 1118 573.

65 1152 169 1232 quid
196 1152 293 1218 uelim
321 1173 394 1232 aOS,
429 1179 455 1216 v.
480 1159 517 1217 ad
540 1160 607 1218 Aul.
633 1161 703 1220 202.
738 1163 815 1221 intra
840 1164 910 1220 855.
956 1161 1046 1220 Marc.
1073 1163 1143 1220 856.
1177 1190 1214 1202 -

70 1262 162 1319 575.
187 1255 269 1321 Ecce
293 1260 412 1334 Langen
431 1261 521 1320 Beitr.
541 1263 607 1340 p.4
631 1283 688 1322 666
706 1263 876 1324 Plautinum
899 1271 1002 1342 putat,
1026 1283 1118 1339 qnare
1141 1264 1217 1322 bunc

68 1383 210 1441 quoque
234 1369 264 1422 at
286 1365 452 1442 proximum
476 1383 593 1424 versum
615 1368 732 1442 spurios
755 1373 865 1426 666661.
889 1396 931 1406 -
961 1368 1031 1425 576.
1063 1359 1215 1438 Basilice,

71 1469 226 1544 egregie,
251 1487 279 1526 v.
303 1467 341 1526 ad
363 1465 448 1526 Cura.
474 1469 544 1526 359.
567 1497 609 1508 -·-
632 1464 715 1528 cedit
735 1470 839 1542 Botb.,
865 1490 890 1528 v.
916 1471 954 1530 od
975 1470 1058 1528 Asin.
1083 1469 1218 1528 402·-

70 1561 196 1640 sabra,
226 1568 353 1642 affabre,
383 1570 417 1628 cl.
444 1569 524 1629 Men.
551 1572 619 1630 134.
678 1571 803 1631 Militari
834 1580 932 1632 autom
962 1571 1066 1630 babit-a
1094 1572 1216 1630 indutus

74 1677 164 1743 erat,
192 1669 433 1749 „chlamydatus“
459 1693 487 1731 v.
512 1675 582 1732 619.
776 1650 780 1660 ’

179 1777 250 1833 577.
274 1774 492 1834 Continuaulur
514 1777 644 1836 trocbaei.
698 1776 771 1835 Huic
795 1798 912 1854 quoque
934 1796 1027 1836 scenae
1050 1779 1080 1834 in
1102 1776 1127 1835 B
1149 1797 1216 1836 can-

76 1879 141 1936 tici
165 1884 238 1936 6616
261 1879 399 1956 apposita
421 1885 475 1938 est.
525 1879 637 1937 Vilicus
666 1877 866 1957 aldilphioue
894 1877 1063 1938 admonitus
1092 1885 1127 1938 61
1153 1873 1216 1938 cct-

78 1973 162 2052 lcat,
187 1982 206 2038 i.
220 2001 245 2038 6.
264 1985 298 2038 61
321 1979 478 2039 calliditati
496 1981 625 2054 studeat,
649 1982 770 2040 facetias
788 1989 906 2040 sectans
924 1981 1032 2040 callum
1051 2002 1217 2058 aprugnum
1293 1998 1297 2008 ·

79 2102 150 2140 non
171 2085 265 2156 magis
282 2085 389 2141 callere
408 2084 489 2157 dicit,
513 2104 539 2142 v.
553 2085 634 2143 Pers.
649 2087 731 2144 306..
764 2083 839 2142 Νο6.
853 2103 882 2161 p.
896 2086 967 2156 258,
991 2087 1042 2161 qni
1059 2090 1217 2162 utrumque

80 2204 208 2242 versum
227 2185 323 2244 affert.
344 2215 382 2226 -
405 2189 475 2246 586.
499 2186 540 2244 Of.
555 2187 636 2246 Pers.
650 2188 727 2246 466:
754 2186 829 2260 „Sed
850 2187 946 2245 satine
964 2189 1033 2245 estis
1057 2186 1217 2246 meditati?

82 2287 146 2346 SA.
171 2287 290 2365 Tragici
314 2296 344 2346 61
367 2291 470 2348 comici
492 2290 657 2367 Numquam
682 2310 773 2367 aequa
796 2295 866 2347 eunt
888 2285 1056 2348 meditati‘'.
1080 2319 1122 2329 -
1147 2293 1216 2348 581.

84 2385 254 2450 Adeamus
277 2389 363 2450 Grnt.
397 2423 432 2432 -
466 2394 535 2452 582.
570 2393 712 2452 Homines
742 2394 785 2450 ait
812 2391 955 2448 adductos
985 2411 1048 2449 6666
1077 2393 1113 2449 ad
1143 2393 1216 2450 bana

83 2511 151 2550 rem
175 2494 302 2552 maxime
325 2495 460 2566 idoneos,
495 2497 606 2572 quippe
635 2497 685 2573 qui
714 2513 831 2572 semper
859 2496 888 2551 16
917 2494 1019 2552 litibus
1043 2498 1073 2551 et
1096 2496 1126 2552 in
1148 2493 1214 2552 foro

82 2602 256 2654 versentur.
306 2595 340 2654 In
369 2599 489 2656 comitio
518 2615 567 2658 eos
595 2599 731 2656 babitare
754 2597 827 2655 dicit
851 2597 950 2672 ibique
973 2597 1081 2672 saepins
1104 2599 1215 2654 versari

84 2719 179 2774 quam
213 2703 371 2774 praetorem
405 2701 516 2776 ipsum,
550 2703 634 2760 cuius
666 2700 797 2760 tribunal
825 2699 867 2758 ibi
895 2701 948 2770 sit,
981 2718 1008 2757 v.
1033 2697 1116 2756 Cure.
1143 2701 1214 2758 469.

85 2801 161 2859 lnde
196 2795 370 2861 comitiales
398 2822 448 2861 eos
472 2805 552 2862 dicit.
608 2803 666 2862 Sed
694 2803 771 2863 ludit
799 2805 829 2860 in
858 2802 914 2860 hoc
942 2801 1098 2874 vocabulo,
1135 2802 1215 2878 quod

85 2904 177 2962 aliter
200 2903 258 2961 dici
281 2906 411 2978 solebat,
440 2926 506 2964 nam
537 2905 699 2966 comitiales
722 2905 838 2963 diesin
862 2905 947 2964 fastis
970 2903 1034 2961 dies
1058 2909 1143 2962 arant
1165 2923 1214 2962 co-

86 3007 181 3064 mitiis
204 3007 358 3080 destinati,
393 3027 458 3085 qua
486 3027 574 3085 quum
602 3009 727 3067 nefastis
750 3006 853 3066 diebus
877 3007 979 3064 haberi
1003 3025 1059 3064 non
1082 3013 1212 3083 possent,

86 3109 288 3168 comitialibus
317 3110 344 3168 b.
369 3109 387 3167 l.
411 3106 529 3188 nefasti
551 3117 750 3189 opponuntur.
772 3139 815 3149 —-
846 3109 915 3168 584.
946 3101 999 3181 ibi,
1031 3110 1059 3166 in
1084 3110 1212 3182 comitio,

85 3231 115 3270 v.
141 3211 180 3270 ad
202 3210 274 3271 Mil.¹
294 3213 362 3271 187.
385 3195 428 3252 -’
452 3215 521 3272 585.
552 3209 702 3274 doctiores
725 3213 796 3272 olim
820 3211 1022 3286 amendatum,
1052 3232 1105 3270 666
1128 3212 1213 3289 quid·

88 3335 178 3390 quam
202 3315 311 3372 certius
334 3321 395 3388 661,
425 3335 602 3393 quamquam
626 3316 692 3374 edd.
716 3315 847 3374 codicum
872 3317 1051 3391 scripturam
1074 3317 1212 3387 retinent,

88 3417 260 3477 Turnebum
283 3419 386 3492 secuti,
410 3419 461 3495 qni
483 3418 626 3478 urbanam
649 3417 796 3496 quandam
820 3420 964 3477 sermonis
989 3417 1212 3494 ambiguitatem

88 3520 146 3577 sibi
169 3522 338 3598 perspicere
360 3520 533 3580 videbatur:
571 3541 657 3596 „nam
685 3525 715 3580 61
742 3521 788 3578 166
816 3521 991 3580 culinarinm
1020 3520 1157 3596 coquitur
1182 3525 1213 3576 at

89 3626 192 3681 coctus
214 3630 245 3681 61
267 3629 399 3682 recoctus
423 3623 531 3682 dicitur
554 3625 658 3700 quiin
680 3623 779 3700 aliqua
802 3643 834 3680 re
857 3623 915 3681 tiro
938 3641 995 3680 non
1014 3619 1096 3693 est“;
1131 3621 1213 3698 quod

89 3745 126 3782 ex
149 3725 220 3783 Hor.
241 3725 303 3786 861.
321 3727 359 3800 Π,
384 3730 411 3799 5,
437 3729 475 3786 55
499 3727 617 3785 minime
640 3725 924 3785 68161166-586,
948 3720 1073 3801 quicum
1090 3719 1214 3802 iitipcut

89 3829 120 3912 16
143 3827 169 3884 Δ
192 3827 266 3903 legit
288 3828 400 3908 (iepp.;
434 3829 502 3889 inde
524 3832 667 3908 sequitur,
697 3835 731 3888 ut
754 3827 966 3888 animadvertit
988 3827 1107 3886 Kienitz
1135 3829 1211 3888 Anu.

90 3931 163 4007 phil.
192 3931 249 3989 vol.
279 3933 377 4010 suppl.
400 3932 428 3990 X
450 3955 479 4008 p.
505 3935 580 4006 559,
614 3933 757 4010 scriptum
780 3931 870 3989 fuisse
897 3943 973 4004 aaa,
1005 3951 1063 3990 non
1089 3929 1211 4004 ,nihil“.

91 4063 132 4072 -
161 4033 323 4094 66161116.
354 4065 395 4074 -
426 4037 486 4094 587
517 4035 620 4095 eodem
648 4034 736 4095 modo
767 4037 923 4112 corruptus
946 4039 980 4092 nt
1003 4035 1073 4093 535.
1128 4032 1212 4091 IuA

91 4137 229 4196 scudem„
246 4135 454 4214 benignissime
477 4158 523 4196 me
545 4139 702 4197 certiorem
724 4137 795 4196 fecit
816 4137 891 4213 lagi:
930 4134 1004 4208 „Dei
1031 4141 1062 4194 te
1084 4135 1213 4212 perdant

90 4239 200 4310 sstnos
222 4240 340 4317 quidem
363 4241 462 4298 bercla
485 4261 549 4299 cum
567 4239 696 4300 EODum
721 4241 826 4316 quiqui
849 4235 978 4312 tamen“,
1001 4237 1053 4296 sed
1075 4241 1109 4295 61
1132 4235 1211 4296 ΕΟΙ)

91 4363 193 4420 parum
228 4349 309 4402 carta
341 4344 410 4401 sint.
439 4373 480 4383 -
512 4345 581 4402 589.
617 4335 697 4401 Rem
730 4355 851 4402 omnam
883 4336 919 4399 in
953 4336 1064 4398 ordine
1096 4341 1210 4417 scripsi,

957 4455 1005 4507 21*
