2960 5000
229 1480 562 1548 AGORASTOGLES
585 1481 871 1548 ADULESCENS.
919 1483 1098 1548 MILPHIO
1122 1481 1299 1550 SERUOS,

621 1677 909 1758 Agorastocles

202 1783 307 1870 Saepe
330 1805 390 1868 ego
412 1806 466 1850 res
490 1785 607 1850 multas
631 1785 692 1850 libi
715 1786 880 1864 mandabi,
905 1785 1051 1868 Milphio,

201 1893 335 1973 Dubias‚
359 1913 487 1976 egenas,
509 1895 676 1978 inopiosas
700 1893 824 1972 consili,

202 2001 290 2079 Quas
313 2009 350 2066 tu
372 2003 547 2086 sapienter,
571 2002 666 2066 docte
689 2011 722 2066 et
744 2002 878 2067 cordato
901 2010 935 2067 eb
957 2009 1030 2067 cate

200 2109 281 2176 Mihi
304 2109 475 2176 reddidisti
499 2111 652 2193 opiparas
676 2131 776 2193 opera
798 2117 864 2174 tua.

202 2218 328 2296 Quibus
352 2240 412 2301 pro
437 2217 617 2284 benefactis
640 2217 747 2284 faleor
771 2219 884 2284 debari
908 2218 969 2284 tibi

201 2327 243 2394 El
265 2325 437 2392 liberatem
461 2325 636 2390 simultas
659 2333 768 2408 grates
791 2328 923 2408 gratias.

673 2469 848 2550 Milphio

203 2576 329 2642 Scitum
351 2583 412 2653 est,
436 2597 494 2659 per
516 2583 645 2660 tempus
669 2579 696 2642 si
721 2578 761 2663 ob
785 2579 874 2642 uiam
898 2585 948 2643 est
970 2577 1107 2642 uerbum
1129 2585 1243 2656 uetus3
1281 2594 1333 2665 135

204 2685 288 2749 Nam
310 2691 388 2750 luas
410 2682 592 2749 blanditiae
615 2684 693 2749 mibi
717 2693 800 2764 sunt,
825 2685 912 2768 quod
935 2686 1000 2750 dici
1024 2685 1116 2764 solet,

203 2795 326 2860 Gerras
349 2813 534 2876 germanae,
558 2799 586 2855 αἱ
608 2799 636 2856 δὲ
659 2801 785 2876 κολλῡραι
807 2802 894 2875 λυραι.

204 2903 297 2967 Nuno
320 2900 399 2965 mihi
422 2899 630 2966 blandidicus
654 2923 703 2981 es;
727 2901 797 2966 heri
820 2903 853 2966 in
877 2910 970 2986 tergo
994 2923 1065 2969 meo

203 3009 275 3074 Tris
297 3009 394 3074 iaoile
418 3011 525 3075 sorios
549 3011 733 3075 contriuisti
757 3009 907 3074 bubulos.

625 3151 909 3234 Aporoslooles

205 3260 248 3324 nt
270 3279 384 3325 amans
408 3280 466 3342 per
489 3281 631 3325 amorem
655 3261 682 3325 si
706 3260 784 3341 quid
808 3261 879 3338 feei,
902 3259 1047 3344 Milphio,
1283 3279 1336 3332 140

204 3367 377 3450 Ignoscere
400 3368 433 3432 id
456 3375 489 3432 le
513 3367 593 3432 mihi
616 3389 752 3452 aequom
777 3375 858 3437 est..

678 3509 853 3590 Milphio

870 3615 967 3681 Haud
991 3617 1058 3682 uidi
1080 3619 1194 3700 magis.

205 3727 275 3807 Em,
300 3749 385 3792 nnnc
409 3747 469 3810 ego
493 3747 602 3793 amore
626 3747 739 3810 pere03
763 3727 832 3791 sine
855 3733 888 3791 te
911 3725 1090 3805 narborem,

205 3835 289 3900 Item
312 3843 408 3900 ullu
431 3835 511 3900 mihi
533 3835 641 3899 fecisti
665 3835 705 3900 ob
729 3835 854 3900 nullam
877 3835 1018 3899 noxiam.

205 3943 284 4009 Post
306 3943 340 4009 id
362 3943 507 4010 locorum
531 3951 567 4009 tu
591 3942 672 4006 mihi
695 3943 818 4006 amanti
841 3943 1014 4025 ignoscito.

210 4099 431 4108 --—.-·-—--

273 4179 585 4236 ADGORASTOOLES
603 4180 639 4248 B,
661 4181 771 4236 tilulam
789 4181 873 4236 orno
925 4183 972 4236 129
990 4197 1033 4234 res
1053 4179 1145 4235 om.B
1198 4181 1247 4234 130
1266 4197 1337 4235 oon·

206 4269 270 4336 sibi,
288 4275 321 4322 ut
337 4283 441 4336 smper
517 4269 566 4320 132
584 4267 735 4336 oppiparae
756 4267 779 4321 0
853 4269 901 4321 135
920 4266 1027 4321 Scitum
1046 4267 1069 4318 si
1088 4283 1138 4336 per
1217 4265 1334 4319 obuiam

206 4353 230 4406 si
248 4353 365 4405 uerbum
471 4355 519 4406 137
541 4352 594 4406 hae
617 4351 651 4405 de
677 4352 802 4421 collyrae
824 4352 883 4420 lyre
901 4349 941 4417 B,
966 4352 1018 4405 hae
1044 4353 1078 4406 ds
1102 4351 1216 4406 oollirae
1240 4350 1292 4405 lire
1314 4351 1339 4406 0

208 4439 257 4490 140
275 4423 416 4489 Adamana
486 4437 554 4491 fecit
626 4441 674 4491 142
692 4431 731 4491 Et
748 4455 823 4491 nunc
896 4440 945 4490 144
962 4437 1086 4492 locorum
