2982 5000
571 459 601 512 v,
622 463 765 516 344-371.
1173 470 1235 530 245

84 649 214 725 vimus,
237 655 351 726 similis,
375 657 427 713 sed
450 656 496 714 hie
520 677 573 734 par
595 658 712 735 longius
736 660 865 736 spatium
889 665 919 716 at
942 659 1143 718 vehementius
1166 680 1235 719 oon·

83 753 232 814 tinuata.
284 759 414 818 Alternis
429 761 550 818 ¹rioibus
572 761 662 820 herus
685 766 716 819 et
738 781 841 820 servus
865 763 999 819 convicia
1022 761 1166 833 fundunt3
1197 761 1236 819 ad

90 873 176 912 eam
200 859 295 932 igitur
317 863 412 936 legem
436 883 630 940 personarum
654 869 742 940 notae,
766 867 796 922 in
819 863 903 920 codd.
928 865 1078 924 interdum
1102 865 1238 937 contusa,

91 961 256 1033 ponendae
275 971 355 1023 sunt.
374 994 413 1004 -·-
435 968 504 1024 360.
530 961 641 1042 lupera
659 973 725 1038 oet,
749 968 785 1026 of.
800 966 953 1025 adBaeoh.
969 968 1039 1026 870.
1074 967 1152 1026 Man.
1168 969 1238 1028 ⁷04.

92 1089 144 1101 -
183 1058 348 1140 differam,
384 1067 420 1125 ef.
444 1069 511 1126 Ter.
534 1070 628 1127 Andr.
653 1069 723 1128 408.
748 1100 790 1110 -
819 1071 889 1129 361.
919 1062 1138 1128 11111111-
1168 1072 1238 1129 362.

93 1159 298 1244 Buatirape,
317 1175 369 1248 qui
388 1172 436 1228 val
454 1181 490 1228 ex
507 1171 595 1230 busto
608 1172 783 1250 ardentique
796 1191 869 1248 rogo
882 1192 926 1245 ea,
945 1191 1009 1249 qun
1028 1174 1152 1231 mortuis
1170 1173 1239 1230 ado·

94 1269 200 1328 lenda
223 1277 305 1348 sunt,
335 1293 442 1350 rapere
465 1274 583 1334 audeas.
629 1275 838 1352 Pauperrimos
861 1275 994 1333 homines
1017 1277 1105 1332 etiam
1128 1273 1240 1333 cibaria
1297 1348 1299 1354 y

95 1392 114 1428 e
132 1367 226 1450 ¹rogo
253 1395 358 1452 rapere
387 1383 508 1436 conatos
531 1395 594 1436 esse
617 1377 750 1435 ostendit
771 1377 868 1436 Catul.
895 1379 951 1436 59:
989 1377 1089 1450 „Uxor
1110 1377 1240 1451 Meneni,

95 1494 199 1552 saepe
229 1497 317 1553 quam
341 1481 371 1536 in
402 1481 577 1555 sepulcretis
599 1480 723 1539 Vidistis
751 1482 815 1555 ipso
843 1480 1009 1558 raperede
1032 1497 1105 1553 rogo
1129 1500 1238 1551 aenam,

98 1578 208 1649 Quum
233 1580 405 1640 devolutum
428 1601 465 1639 ex
487 1584 556 1658 igne
577 1601 760 1660 prosequens
782 1603 888 1658 panem
907 1583 952 1642 Ab
975 1585 1115 1642 semiraso
1132 1584 1239 1642 tunde·

99 1689 197 1740 retur
220 1681 355 1744 ustore“.
411 1684 478 1742 Ter.
501 1683 579 1743 Eun.
604 1686 681 1744 491:
719 1685 795 1760 „Qui
823 1685 891 1744 huie
925 1688 1053 1744 animum
1087 1685 1239 1744 adsentari

99 1784 280 1860 induxeris,
312 1786 337 1846 E
360 1785 478 1846 flamma
499 1794 603 1864 petere
626 1793 656 1846 te
679 1787 775 1846 eibum
797 1774 1068 1865 posss'srbitror“.
1086 1817 1129 1828 -
1149 1781 1239 1848 Certo

101 1893 139 1944 et
166 1881 300 1948 Factum
317 1891 352 1948 A.
384 1919 424 1930 -
455 1892 526 1949 363.
556 1883 767 1969 Soeinfreude
791 1891 917 1950 Ateste
942 1889 1052 1950 deio.
1109 1889 1155 1948 Ad
1177 1911 1239 1948 rem

102 1991 145 2048 cf.
172 1991 233 2050 Cio.
258 1991 344 2052 Rosa.
370 1995 435 2052 Am.
461 1995 515 2070 40,
543 1995 620 2053 1161
656 1993 766 2066 „Reate
789 1995 916 2052 maiores
939 2013 1023 2066 eum,
1056 1997 1106 2070 qui
1129 1995 1239 2052 sosium

102 2093 284 2166 fefellisset,
319 2099 350 2154 in
384 2099 515 2154 virorum
549 2097 845 2174 bonorum-numero
874 2101 1020 2172 putarunt
1049 2117 1108 2154 non
1137 2097 1239 2156 haberi

103 2197 284 2273 oportere“.
320 2198 375 2257 Off.
399 2199 452 2270 III,
478 2201 526 2271 17,
551 2202 601 2258 70.
635 2199 707 2258 Tab.
731 2199 850 2256 Heraol.
874 2219 901 2258 1.
929 2201 1004 2258 111:
1037 2202 1107 2276 „qui
1130 2199 1240 2258 iudicio

104 2300 238 2373 fidneiae,
262 2321 317 2376 pro
340 2303 431 2375 soalo,
453 2303 575 2374 tutelae,
603 2301 745 2374 mandati,
770 2301 946 2359 iniuriarum
976 2302 1051 2360 deuo
1074 2301 1144 2360 dolo
1163 2303 1240 2361 malo

106 2393 326 2462 condemnatus
354 2401 429 2463 est“.
457 2433 500 2443 —-
532 2419 602 2464 mea
629 2397 725 2464 istaes
752 2404 787 2462 A.
820 2431 857 2442 —
896 2396 996 2479 Perpe
1026 2403 1238 2464 6111111111-

106 2512 235 2580 cuntur,
270 2510 372 2585 itaque
393 2509 530 2583 proxima
552 2507 693 2565 Calidoro
716 2505 823 2564 danda.
855 2535 896 2545 -
932 2507 1002 2564 364.
1043 2499 1170 2579 Uetera,
1204 2527 1240 2564 ne

105 2611 216 2684 ignota
238 2614 351 2686 putetis
373 2629 439 2687 quaa
463 2629 532 2667 vers
553 2611 706 2688 profertis.
735 2639 778 2648 -
813 2610 882 2667 365.
913 2601 1025 2668 Ualide
1047 2628 1106 2666 non
1128 2609 1240 2684 simpli-

107 2714 187 2770 citer
215 2712 360 2782 affirmat,
395 2713 447 2770 sed
476 2718 568 2787 auget
596 2714 701 2784 atiam3
737 2713 894 2770 maximnm
923 2730 954 2768 se
983 2713 1027 2769 ait
1055 2731 1118 2770 esse
1142 2711 1240 2787 legum

107 2821 279 2893 ruptorem.
304 2839 350 2855 =-
385 2815 429 2873 De
457 2816 552 2874 forma
583 2813 770 2893 „permittes“
802 2833 829 2872 v.
861 2813 898 2870 ad
926 2815 1008 2872 Asin.
1043 2815 1111 2872 132.
1156 2813 1241 2872 Nova

108 2919 230 2976 ratione
260 2937 325 2975 eam
349 2919 508 2978 defendere
537 2923 567 2976 et
595 2918 744 2996 explicare
775 2922 898 2974 oonatur
919 2915 1042 2976 Usener.
1067 2917 1141 2974 Ann.
1165 2917 1239 2994 phil.

109 3020 192 3078 CVII
215 3041 246 3098 p.
271 3023 321 3080 75.
349 3049 392 3060 -
423 3023 493 3080 366.
528 3013 637 3080 Babae
659 3026 689 3078 et
709 3013 853 3092 bombex,
884 3019 1107 3078 interiectionee
1131 3019 1240 3078 Graeoae

110 3125 227 3182 ironiae
258 3124 485 3182 admirationem
514 3123 722 3200 significantes.
750 3151 794 3162 ·-
821 3115 914 3196 pepli
937 3121 1023 3180 Both.
1047 3151 1090 3161 -·-
1115 3115 1240 3182 Planis-

110 3241 211 3298 8ame,
242 3227 279 3286 of.
309 3229 398 3285 1172.
444 3225 528 3302 Capt.
560 3227 608 3284 74.
654 3225 721 3283 Ter.
744 3223 866 3283 Phorm.
891 3225 961 3283 771.
991 3253 1033 3263 -
1067 3225 1137 3284 367.
1163 3226 1243 3282 Inter

111 3323 235 3403 Inpure
273 3335 304 3386 et
336 3323 406 3388 leno
440 3331 463 3386 A
497 3347 631 3406 personas
665 3329 795 3404 spatium
830 3325 935 3398 habet,
971 3327 1055 3384 mala.
1092 3357 1132 3368 -
1171 3319 1241 3386 an-

111 3449 188 3492 num
202 3435 237 3490 A.
258 3461 295 3473 ···
317 3434 388 3491 368.
411 3433 586 3507 Πατραλοίαν
608 3438 637 3488 et
658 3433 823 3505 μητραλοίαν
845 3449 912 3486 eum
937 3429 1077 3506 appellat.
1112 3429 1241 3486 Maxima

113 3536 236 3593 infamis
266 3535 384 3594 Solonis
412 3535 525 3610 legibus
553 3533 733 3590 onerabatur
765 3532 780 3588 ὁ
808 3533 854 3588 τὸν
884 3534 987 3608 πατέρα
1016 3533 1123 3588 τύπτων
1152 3531 1166 3600 ἢ
1195 3532 1242 3602 τὴν

113 3640 216 3715 μηιὲρα
238 3639 255 3708 ἢ
275 3639 312 3713 μὴ
334 3639 439 3714 τρέφων
460 3639 476 3708 ἢ
497 3639 534 3712 μὴ
557 3637 685 3712 παρέχων
708 3639 819 3706 οἴκησιν.
844 3664 886 3674 -
916 3635 987 3692 369.
1014 3628 1126 3692 Potius
1149 3647 1243 3710 quem

108 3735 303 3816 praeberem,
327 3743 346 3802 i.
367 3761 391 3798 a.
412 3760 447 3796 na
471 3739 646 3816 praeberem3
671 3757 737 3794 narn
760 3737 834 3794 illud
857 3737 946 3794 malui
970 3756 1057 3812 quam
1076 3743 1109 3794 ut
1126 3743 1180 3796 oet.
1201 3765 1242 3776 --

118 3847 188 3904 370.
213 3837 254 3902 In
269 3843 438 3918 pertusum
457 3836 583 3913 dolium,
607 3841 642 3899 ol.
661 3839 749 3898 Luor.
763 3839 815 3911 III,
837 3841 932 3898 1006:
960 3838 1050 3912 „tlon
1074 3843 1108 3897 ut
1126 3841 1241 3916 opinor,

116 3948 146 4006 id
169 3954 224 4018 est,
249 3965 323 4004 aevo
344 3944 469 4002 florente
491 3943 605 4020 puellas
628 3937 805 4016 (Danaides)
829 3942 916 4013 Qnod
939 3947 1104 4000 memorant
1125 3942 1241 4000 laticem

116 4057 269 4128 pertusum
294 4067 454 4122 congerere
483 4049 513 4103 in
536 4042 616 4103 vas“.
672 4045 737 4103 Liv.
760 4043 933 4117 XXXVIII,
959 4044 992 4114 7,
1020 4045 1074 4102 ll:
1111 4043 1241 4116 „dolium

116 4177 133 4211 a
144 4153 238 4214 fundo
250 4149 435 4230 pertusnm“.
459 4179 489 4188 -
517 4148 587 4208 371.
610 4141 700 4206 Num
716 4143 795 4222 quid
812 4141 900 4206 eliud
911 4149 946 4216 A,
969 4166 997 4204 v.
1010 4144 1103 4224 Gepp.
1117 4145 1201 4205 stud.
1214 4145 1243 4204 II

116 4279 143 4336 p.
170 4259 221 4317 57.
246 4283 289 4295 —
320 4255 390 4313 372.
421 4247 504 4311 Tene
526 4251 571 4308 Fl.
595 4269 631 4306 ex
654 4251 688 4320 A,
715 4249 797 4308 Brix.
822 4250 898 4307 Arm.
922 4247 995 4323 phil.
1018 4247 1095 4306 OXV
1118 4265 1147 4322 p.
1172 4249 1242 4306 331.

117 4361 195 4420 Num
220 4359 286 4433 hoo,
315 4357 421 4434 inquit,
450 4353 623 4432 pudendum
646 4352 729 4422 dlois,
759 4351 841 4429 quod
864 4359 896 4410 tu
920 4353 1037 4408 amator
1066 4350 1161 4408 Inanis
1189 4343 1242 4408 es?
