2978 5004
293 492 356 554 254
723 487 803 544 Miles
821 487 968 558 gloriosus.

293 703 458 762 pronomen
485 683 654 761 requiritur,
688 703 744 761 pro
776 681 920 762 „aliquis“
955 683 1129 743 adverbium
1162 679 1291 761 „aliqui“
1325 687 1402 762 poni

293 789 401 866 potuit.
426 817 468 826 -
489 787 561 844 435.
588 780 721 860 Quaeris
744 833 751 846 .
771 833 777 846 .
801 782 928 861 malum,
960 788 995 846 cf.
1020 789 1090 846 276.
1115 787 1185 846 Hac
1207 793 1237 845 et
1258 789 1403 865 proxima

293 887 329 947 R.
364 887 503 948 Sceledro
536 889 652 948 tribuit.
686 919 728 929 -
761 891 832 948 436.
864 883 935 949 Tibi
968 906 1023 967 ego
1058 885 1141 963 dicu,
1176 889 1212 949 cf.
1248 892 1320 949 219.
1361 919 1401 930 —

295 987 513 1068 intemperiae,
548 991 584 1050 ci.
619 990 657 1050 ad
685 993 752 1051 Aul.
785 995 833 1051 71.
868 1020 910 1035 ··-
944 995 1015 1052 437.
1039 987 1202 1069 perviam,
1238 992 1318 1069 quod
1356 995 1402 1050 in-

293 1097 389 1173 telligi
417 1115 476 1155 uon
504 1097 608 1173 possit,
643 1115 670 1153 s.
700 1095 738 1154 ad
770 1097 837 1154 Aul.
869 1097 940 1156 252.
973 1127 1009 1136 —
1042 1099 1113 1156 438.
1147 1090 1225 1171 Quia
1259 1089 1404 1155 uocare?

293 1217 353 1276 qno
381 1199 498 1257 nomine
527 1200 658 1270 vocaris,
687 1197 723 1256 cl.
752 1197 790 1256 ad
817 1199 925 1277 Amph.
957 1201 1027 1258 378.
1056 1199 1124 1258 add.
1148 1197 1216 1258 Ter.
1239 1199 1298 1257 Ad.
1323 1201 1400 1258 891.

293 1301 381 1378 Verg.
414 1301 483 1360 AEn.
516 1299 545 1373 I,
589 1301 658 1358 327.
730 1299 789 1358 Pro
838 1308 978 1380 corrupto
1025 1297 1160 1376 ,616616ι
1207 1301 1402 1362 Camerarius

295 1399 475 1480 „Glycerae“
511 1403 638 1481 scripsit.
688 1401 798 1464 Verum
837 1425 943 1464 nomen
981 1407 1061 1463 eruit
1093 1403 1268 1484 Spengelius
1297 1405 1399 1464 Plaut.

291 1529 320 1586 p.
346 1509 384 1566 29
409 1527 451 1584 sq.
499 1500 649 1580 „Dicea“,
684 1507 875 1583 quodetiam
896 1529 923 1566 v.
949 1509 1009 1566 808
1043 1511 1149 1579 exstat,
1182 1509 1201 1566 i.
1226 1527 1251 1568 6.
1285 1507 1399 1581 Dicaea,

291 1613 403 1683 Δικαία,
438 1616 576 1688 correpta
608 1617 732 1688 propter
766 1630 882 1670 versum
916 1611 1104 1688 paenultima,
1139 1615 1173 1669 ut
1206 1609 1307 1670 Pelleo
1342 1632 1400 1690 pro

291 1711 400 1771 Pellaeo
422 1713 505 1771 Asin.
531 1715 601 1785 331,
636 1735 663 1772 v.
687 1713 805 1790 Proleg.
829 1735 857 1792 p.
883 1715 954 1785 209,
978 1713 1013 1772 cf.
1038 1713 1124 1772 Pras.
1148 1714 1206 1772 vol.
1230 1713 1260 1772 11
1287 1733 1317 1791 p.
1342 1713 1398 1772 XI.

291 1813 336 1874 Da
355 1815 455 1874 dativo
473 1817 537 1874 sine
556 1817 730 1894 pronomine
747 1816 783 1874 cl.
801 1815 886 1895 Cept.
907 1819 977 1875 979.
1012 1815 1093 1875 Pers.
1107 1817 1177 1874 623.
1201 1845 1243 1856 -
1267 1811 1399 1876 Iniuria

292 1931 324 1977 es
340 1917 451 1992 Dousa,
475 1918 511 1977 cl.
529 1917 613 1978 Cure.
628 1921 676 1978 65.
701 1917 789 1998 Epid.
804 1922 874 1978 549.
899 1919 989 1979 Mero.
1005 1919 1053 1978 54.
1076 1919 1142 1977 Aul.
1163 1920 1222 1977 691
1243 1940 1309 1978 cum
1328 1941 1397 1980 ann.

291 2050 333 2061 -—
356 2021 427 2080 439.
451 2035 564 2080 nomen
580 2015 757 2096 possidere,
782 2023 818 2081 of.
842 2023 946 2082 Bacch.
975 2023 1045 2081 383.
1068 2051 1112 2062 -
1133 2023 1205 2081 440.
1234 2023 1339 2089 Ἄδικος
1363 2039 1398 2083 ca

293 2124 335 2196 tu,
359 2143 418 2182 uon
441 2123 539 2198 δικαία,
563 2125 675 2183 iniusta
697 2145 736 2199 es,
767 2144 825 2184 uon
847 2127 939 2200 iusta,
971 2145 1028 2202 quo
1051 2125 1170 2184 nomine
1192 2129 1223 2183 te
1246 2127 1398 2205 appellari
1479 2129 1480 2184 l

291 2227 403 2286 dixisti.
449 2225 497 2285 Sic
526 2227 645 2304 egregie
673 2227 771 2287 locum
798 2230 932 2288 restituit
954 2229 1091 2308 Spengel.
1115 2229 1135 2287 l.
1158 2227 1195 2302 l.;
1224 2233 1333 2302 ceteri,
1367 2252 1396 2289 v.
1479 2253 1480 2288 l

291 2331 352 2388 438
372 2329 503 2406 Glycera
515 2349 622 2389 nomen
640 2332 775 2407 amplexi,
794 2333 825 2390 iu
837 2333 896 2390 elia
908 2334 1005 2391 omnia
1023 2331 1170 2404 abierunt,
1190 2332 1274 2390 velut
1290 2331 1395 2391 Ribb.:

293 2433 352 2506 „Al
381 2431 507 2509 Glycera
529 2453 560 2492 es
582 2432 637 2492 tn?
659 2453 717 2492 nou
740 2435 858 2510 glyca’s,
884 2437 935 2495 sed
952 2453 1017 2494 meo
1036 2431 1124 2494 cct.“.
1160 2433 1258 2494 Unum
1277 2437 1395 2508 dubito,
1479 2443 1480 2514 l

290 2555 326 2594 au
349 2535 474 2596 Plautus
500 2531 631 2608 „Adioe“
656 2539 823 2616 scripserit,
853 2539 987 2615 quamvis
1013 2537 1069 2596 hoc
1092 2536 1227 2596 Gracum
1253 2559 1315 2599 non
1345 2543 1395 2599 sit.
1479 2527 1480 2568 l

290 2637 335 2697 De
364 2637 473 2698 Graecis
502 2639 652 2699 vocabulis
680 2641 861 2700 intermixtis
888 2661 916 2700 v.
947 2641 983 2700 ad
1006 2641 1112 2700 Bacch.
1140 2643 1229 2700 1161.
1254 2671 1297 2713 :··
1320 2645 1395 2701 441.

291 2736 339 2801 Tu
360 2756 400 2800 nc
422 2739 466 2813 Β,
490 2763 518 2801 v.
543 2742 580 2800 ad
601 2743 684 2801 Asin.
705 2745 776 2802 875.
817 2743 923 2802 Hiatus
946 2745 992 2802 vel
1015 2748 1084 2822 post
1109 2737 1228 2818 ,(1666ιι
1253 2745 1302 2803 val
1325 2749 1397 2823 poet
1479 2811 1480 2818 ,

291 2840 393 2918 „heri“
419 2843 549 2919 (Prolcg.
572 2865 602 2923 p.
628 2841 701 2918 224)
724 2846 850 2904 forsitan
873 2847 945 2904 ferri
967 2848 1071 2925 possit,
1095 2847 1147 2906 aed
1169 2848 1231 2904 veri
1254 2848 1396 2906 similiter
1479 2903 1480 2914 ,

288 2947 450 3006 Mullerua:
489 2943 658 3022 „Quaeue“,
687 2967 715 3006 v.
745 2948 782 3006 ad
805 2949 912 3029 Amph.
937 2951 1008 3009 690.
1032 2979 1073 2990 -
1097 2951 1167 3008 443.
1191 2945 1227 3008 in
1254 2943 1393 3026 Ephesu
1479 2959 1480 3012 l

289 3049 323 3107 cf.
352 3051 420 3108 113.
451 3079 491 3089 -
521 3051 592 3109 444.
616 3045 789 3110 indaudiui
811 3051 912 3126 Both,
943 3071 970 3111 v.
1001 3053 1038 3112 ad
1066 3053 1150 3130 Capt.
1178 3053 1226 3112 30.
1250 3083 1295 3092 —
1318 3055 1393 3113 445.

288 3146 411 3225 fabuler
439 3152 463 3210 B
491 3159 559 3231 post
586 3173 729 3227 rasuram,
767 3159 797 3212 et
832 3155 874 3213 sic
912 3155 1036 3215 Plautus
1069 3157 1161 3230 solet,
1195 3177 1222 3214 v.
1256 3155 1393 3232 Langen.

287 3254 379 3312 Beitr.
420 3275 448 3332 p.
485 3257 522 3314 61
558 3277 617 3334 sq.,
663 3277 716 3315 uec
749 3257 820 3316 alibi
855 3259 953 3317 activa
989 3259 1084 3318 forma
1123 3259 1290 3333 iuvenitur,
1336 3261 1394 3319 nisi

287 3356 366 3433 qnod
394 3356 498 3414 Afrau.
528 3361 604 3418 405:
643 3359 804 3434 „fabellare
831 3358 967 3438 incipis“.
991 3393 1033 3403 -
1060 3362 1132 3421 446.
1161 3355 1271 3432 Mitte,
1300 3383 1393 3422 manu

287 3479 351 3518 eam
384 3459 561 3536 arripuerat.
589 3490 632 3501 -
654 3456 919 3535 Manuscslaria’s
946 3461 996 3538 lt,
1028 3483 1057 3523 v.
1081 3465 1120 3523 ad
1148 3464 1216 3522 Aul.
1247 3465 1322 3524 461.
1350 3495 1392 3506 -

287 3563 348 3620 447
371 3556 451 3620 mil&
472 3583 526 3621 suo
548 3563 613 3622 loco
635 3568 737 3644 posuit
758 3565 844 3625 Both.
888 3565 1015 3645 Alapam
1038 3569 1066 3625 ei
1087 3567 1227 3625 minatur.
1251 3597 1294 3608 -
1317 3569 1390 3628 448.

287 3663 443 3723 Sceledrus
471 3665 694 3728 Palaestrionem
724 3669 894 3745 alloquitur.
940 3663 1018 3744 quin
1046 3667 1129 3728 16668
1156 3669 1269 3747 Bentl,
1299 3673 1391 3749 vulgo
1479 3679 1480 3682 ’

157 3831 164 3838 ,
212 3847 214 3850 Ι
286 3787 352 3826 cum
374 3765 498 3844 Pylade:
534 3773 623 3848 ,quin
646 3766 793 3845 retines“;
817 3767 1006 3832 altrinsecus
1027 3771 1063 3830 Ι).
1088 3801 1130 3813 -
1153 3775 1225 3832 449.
1248 3769 1391 3852 negotio-

286 3885 365 3946 sum,
394 3873 429 3930 cf.
453 3871 544 3932 Mero.
572 3876 640 3933 189.
671 3873 779 3933 Pseud.
804 3877 873 3934 647.
918 3875 1025 3933 Aliena
1047 3877 1167 3953 negotia
1195 3896 1299 3935 curare
1330 3897 1390 3937 uon

160 3977 163 3983 '
285 3975 358 4048 vult,
382 3995 420 4033 ne
441 3980 558 4050 tergum
580 3979 695 4053 peccati
717 3997 818 4055 poenae
839 3977 912 4036 luat.
928 4007 964 4017 -
983 3979 1055 4037 450.
1080 3979 1188 4038 Hiatus
1211 3980 1242 4038 in
1260 3979 1390 4056 diaeresi,
1479 3979 1480 3996 ¹

285 4078 320 4136 cf.
345 4077 481 4156 Spengel.
505 4079 603 4138 Plaut.
631 4101 660 4158 p.
688 4081 756 4138 138.
783 4111 820 4120 -
844 4080 950 4156 atquc,
980 4102 1009 4140 r.
1033 4081 1135 4141 Madv.
1158 4081 1209 4140 Gr.
1233 4081 1301 4141 Lat.
1326 4085 1387 4142 433

285 4199 351 4239 ann.
378 4182 404 4239 2.
450 4181 500 4240 Br.
525 4183 639 4242 confert
662 4181 726 4241 Ces.
752 4184 810 4241 551
836 4188 867 4241 et
888 4184 960 4242 408.
985 4215 1025 4224 -
1048 4185 1119 4243 451.
1146 4179 1258 4244 Mittis
1288 4186 1387 4260 codd,
1479 4211 1480 4220 ¹

285 4280 429 4341 Fleckeis.
454 4288 523 4342 cett.
550 4279 777 4359 „Mittin“„sad
799 4283 859 4344 vid.
885 4284 922 4344 ad
938 4287 1045 4366 Amph.
1060 4288 1130 4364 718,
1156 4288 1190 4347 61.
1203 4309 1295 4366 supra
1313 4291 1386 4348 428.

284 4383 499 4459 Interrogaudo
527 4389 672 4465 imperet,
707 4407 733 4445 v.
759 4387 796 4446 ad
819 4387 903 4467 Capt.
929 4389 1000 4449 846.
1037 4421 1073 4430 -
1109 4386 1245 4452 inuitam
1267 4389 1315 4450 66.
1339 4413 1385 4472 pr.
