2954 5002
109 467 149 536 11,
169 473 194 538 4,
215 471 321 526 53-61
598 470 760 526 Pseudolus.

567 659 721 726 Pseudo
733 660 795 726 lus

108 763 289 851 Eugepae;
313 767 431 852 lepide,
455 766 606 848 Charine,
628 789 701 834 meo
725 789 776 834 me
799 769 877 834 ludo
901 769 1074 836 lamberas.

109 872 177 940 Sed
204 877 290 960 quid
311 897 427 942 nomeu
452 897 523 944 esse
546 877 654 942 dioam
677 897 736 958 ego
759 878 813 942 isti
837 878 955 942 seruo?

579 1017 783 1086 Charinus

567 1235 791 1301 Pseudolus

108 1339 228 1407 Scitne
252 1345 285 1407 iu
308 1365 343 1409 re
365 1343 510 1409 aduorso
531 1345 679 1410 uorsari?

578 1483 782 1550 Charinus

727 1593 836 1658 Turbo
860 1614 923 1659 uon
946 1615 1051 1678 aeque
1073 1596 1182 1662 eitust.

568 1735 792 1800 Pseudolus

107 1841 243 1926 Ecquid
268 1845 441 1927 argutust?

578 1973 778 2040 Charinus

478 2083 638 2149 Malorum
662 2083 843 2148 facinorum
867 2085 1078 2166 saepissume.
1191 2103 1244 2156 750

570 2225 793 2290 Pseudolus

112 2333 203 2413 Quid
228 2355 326 2418 quom
350 2333 533 2402 manufesto
557 2333 707 2402 tenetur?

580 2488 781 2554 Chafinus

755 2595 907 2678 Anguilla
931 2603 999 2677 est3
1021 2595 1171 2663 elabitur.

568 2739 795 2804 Pseudolus

115 2847 248 2932 Ecquid
271 2849 298 2912 is
320 2847 417 2912 homo
441 2849 580 2913 scitust?

580 2983 782 3050 Charinus

622 3092 714 3159 Plebi
737 3094 856 3158 scitum
879 3113 942 3158 nou
966 3099 1018 3158 est
1039 3093 1166 3160 esitius.

568 3235 791 3300 Pseudolus

117 3342 245 3410 Probus
269 3343 366 3409 homo
390 3353 448 3422 est,
472 3351 509 3410 ut
531 3344 724 3428 praedicare
748 3351 780 3409 te
804 3342 911 3408 audio.

579 3484 781 3552 Charinus

916 3595 1018 3659 Immo
1041 3595 1068 3658 si
1092 3595 1176 3659 scias
1202 3629 1240 3639 ·-

121 3703 183 3768 Ubi
206 3711 240 3768 te
264 3704 461 3788 adspexerit,
485 3703 634 3768 narrabit
657 3703 745 3769 ultro
769 3703 847 3788 quid
871 3725 943 3768 sese
967 3702 1061 3768 uelis.

120 3811 182 3877 Sed
206 3811 286 3894 quid
310 3833 347 3877 eo
371 3833 405 3876 es
428 3811 595 3877 lauturus?

185 4035 237 4087 747
254 4051 299 4087 me
317 4049 380 4088 meo
398 4031 448 4086 ΒΟ
541 4033 591 4086 748
610 4033 656 4101 qui
755 4031 808 4086 ΟΔ.
895 4033 946 4086 749
964 4030 1020 4086 GA.
1108 4031 1180 4084 citus
1199 4033 1243 4086 est

118 4190 303 4256 redargutus
322 4186 383 4241 est?
403 4185 450 4241 ΟΔ
550 4189 598 4240 751
622 4186 675 4239 CA.
696 4137 812 4256 sngblas
831 4190 859 4240 to
877 4185 982 4239 labitur
1000 4183 1028 4239 B
1128 4183 1178 4238 752
1197 4189 1242 4238 est

118 4275 204 4328 scitus
225 4271 248 4327 0
321 4271 374 4326 CA.
449 4271 520 4326 citus
595 4273 644 4326 753
663 4271 717 4326 CA.
791 4272 831 4328 soi
850 4273 920 4326 scias
938 4270 965 4324 B
1033 4271 1085 4324 754
1102 4271 1244 4339 aspexeris

187 4373 249 4412 esse
318 4359 368 4412 755
387 4357 510 4426 quideles
530 4361 642 4410 aeturus
661 4355 696 4418 Β,
716 4357 778 4426 quis
798 4373 826 4411 es
845 4355 959 4411 aeturus
979 4355 1002 4410 0
