2940 5008
514 467 545 520 v.
564 468 707 522 555-515.
1103 473 1161 534 351

71 681 141 738 pars
159 681 259 720 versus
288 664 390 738 periit.
436 661 473 720 0:
505 655 551 736 ob,
576 662 654 736 quod
677 661 826 738 supplevi:
856 653 1005 720 obicerent
1026 677 1163 735 moram3

70 784 138 822 narn
163 759 278 822 dudum
300 753 355 822 'ost
383 783 486 840 nuper,
517 764 616 834 modo,
646 785 672 822 v.
703 763 740 822 ad
768 765 884 839 Amph:
905 765 977 824 054.
1022 764 1057 822 R.
1087 765 1165 824 huno

70 886 180 924 versum
208 873 277 943 post
306 869 366 928 910
397 869 498 943 posuit
521 866 668 925 scribens:
708 865 801 938 ,Sane
823 866 878 924 hoo
900 885 960 924 non
982 868 1012 926 in
1035 872 1163 926 montom

70 971 150 1026 uenit
176 967 287 1028 dudum
315 975 350 1028 ut
377 969 434 1028 tibi
463 963 700 1028 oonorsdersm“.
724 998 765 1010 -·
790 971 850 1028 889
874 971 1000 1028 sirecte
1022 969 1161 1043 traditur,

70 1066 195 1131 55515055
226 1073 364 1132 ultimam
398 1072 547 1146 producit,
581 1091 608 1130 v.
633 1071 750 1148 Prolsg.
780 1093 809 1149 p.
836 1073 905 1130 197.
949 1071 1037 1130 Both.
1065 1073 1163 1144 „uadi-

70 1169 165 1232 bust“.
193 1203 234 1214 -
262 1169 365 1234 Aedis
381 1166 510 1248 probat.
556 1173 625 1232 Haeo
654 1193 707 1249 psr
736 1194 767 1232 55
795 1175 991 1250 intelligenda
1017 1179 1087 1232 sunt
1109 1193 1163 1232 555

69 1295 132 1332 oum
163 1277 355 1353 sequentibus
383 1275 541 1350 iungenda,
576 1276 655 1352 quod
685 1296 774 1352 quum
804 1277 922 1334 fecisset
949 1275 1039 1347 Cam,
1077 1278 1160 1355 ,pul-

69 1377 210 1455 chraqus“
236 1378 414 1455 corrigebat,
438 1385 473 1436 ut
494 1378 565 1436 mihi
589 1378 707 1454 quidem
731 1378 859 1450 videtur,
883 1377 1031 1454 languida,
1061 1397 1162 1454 quam·

68 1501 154 1555 quam
176 1484 325 1540 contraris
348 1488 394 1539 ast
416 1481 536 1539 Mitlleri
559 1481 708 1538 sententia
730 1480 814 1540 Pros.
838 1501 867 1558 p.
894 1482 964 1540 559.
1001 1480 1109 1539 Hiatur
1131 1482 1162 1540 in

68 1583 186 1641 diaerssi.
217 1613 259 1624 —
288 1576 415 1656 5105115,
450 1605 477 1642 v.
506 1582 598 1654 Nous,
631 1581 780 1640 Formenl.
810 1582 839 1640 11
866 1604 896 1660 p.
921 1584 991 1642 273.
1022 1613 1061 1622 -
1090 1585 1160 1642 891.

68 1681 122 1760 qui
142 1686 203 1761 Pyt.
226 1715 268 1727 —-
290 1680 478 1759 5111551555
501 1681 538 1743 de
560 1681 669 1744 audito
686 1678 838 1744 nuntius?
866 1683 1000 1744 Guietus.
1024 1715 1066 1724 -
1090 1687 1160 1744 892.

67 1782 163 1846 Enim
182 1789 270 1848 Both.
295 1788 373 1860 add,
398 1788 433 1846 of.
457 1786 546 1865 Epid.
571 1787 641 1846 699.
687 1787 721 1844 R.
749 1783 854 1860 „Em“.
878 1816 918 1826 -
945 1789 1004 1846 893
1029 1790 1071 1846 ita
1093 1808 1160 1846 sen·

67 1893 222 1950 1551151551
253 1911 362 1950 noxum
391 1892 590 1966 interrumpit,
619 1895 654 1947 ut
677 1896 820 1967 appareat
840 1889 899 1948 huo
921 1911 979 1949 non
1001 1894 1160 1968 portinere.

67 1992 178 2052 Aoidsl.
210 1999 280 2071 post
314 1994 375 2051 994
408 1994 508 2068 posuit
543 1993 640 2066 „dixi“
673 1992 812 2066 scribens,
845 1992 880 2050 R.
906 1998 977 2070 post
1005 1995 1075 2066 901,
1110 1994 1161 2052 ssd

66 2097 160 2154 neutri
183 2095 248 2153 ioco
271 2095 377 2170 mplius
401 2115 488 2170 quam
510 2095 580 2154 huic
603 2097 749 2153 convenit.
777 2125 813 2135 -
842 2097 912 2154 894.
935 2091 1016 2154 istuc
1038 2101 1067 2152 ot
1089 2090 1163 2153 55155

66 2195 100 2254 Β.
129 2193 225 2272 (Mull.
256 2219 285 2276 p.
313 2199 387 2256 722:
426 2199 563 2274 „quicum
593 2199 651 2256 isto
680 2191 812 2273 illaso“).
857 2197 957 2255 Verba
979 2192 1067 2257 Dum
1089 2193 1163 2257 19115

67 2297 127 2357 siet
152 2299 185 2358 R.
208 2299 345 2358 Acidalio
376 2298 450 2357 duos
478 2298 608 2358 Charino
639 2300 799 2358 tribuebat.
822 2329 865 2340 —
889 2303 959 2360 895.
983 2297 1087 2358 istunc
1114 2301 1159 2358 ad.

67 2421 109 2476 pr.
122 2431 163 2442 —·
175 2404 246 2460 996.
259 2396 429 2461 orobohld.
441 2397 611 2479 —fuoioat
622 2398 743 2476 coptum
755 2404 799 2460 ed.
812 2422 858 2479 pr.
869 2431 905 2444 -
917 2405 977 2460 897
990 2423 1045 2461 sm.
1059 2404 1104 2461 ed.
1113 2423 1159 2480 pr.

68 2533 107 2542 -
120 2501 187 2564 898.
200 2506 260 2563 1551
273 2506 336 2582 spoi
353 2507 459 2582 planus
475 2503 630 2562 exsulandi
648 2506 800 2562 consilium
819 2506 921 2564 abiicit
939 2525 1114 2582 servumque
1125 2525 1161 2564 ox

70 2607 175 2666 aedibus
202 2613 316 2680 avocat,
332 2613 377 2676 ¹ut
398 2607 523 2684 pallium
551 2607 608 2664 sibi
629 2608 715 2678 forat,
747 2607 908 2683 quodiam
931 2627 985 2684 pro
1008 2606 1162 2680 chlamyde

69 2709 223 2769 induturus
235 2715 290 2768 est.
305 2739 347 2750 -
358 2711 438 2782 „est“
455 2709 513 2768 dol.
523 2708 588 2784 Pyl.
601 2738 642 2746 -
654 2703 712 2767 hut
724 2711 768 2768 ed.
777 2729 823 2786 pr.
836 2738 878 2748 —
890 2704 1008 2786 aliquis
1020 2704 1110 2780 exite,
1124 2709 1159 2768 of.

70 2811 104 2869 sd
114 2811 200 2890 Epid.
216 2814 286 2871 399.
305 2841 342 2852 -
365 2814 434 2872 899.
448 2809 561 2888 ecferte
572 2811 737 2889 Scioppius,
752 2841 791 2851 -
802 2807 875 2884 Em,
893 2813 929 2870 of.
944 2811 980 2870 sd
992 2813 1074 2870 Asin.
1090 2813 1160 2870 333.

70 2941 108 2952 -
121 2911 189 2988 „ut“
204 2915 262 2972 del.
275 2915 359 2974 Aoid.
371 2945 414 2954 -
427 2916 497 2973 900.
511 2909 642 2972 aduenis
653 2913 814 2972 Acidalius.
827 2943 869 2952 -
878 2929 982 2988 puers,
995 2936 1022 2972 v.
1033 2913 1069 2970 ad
1076 2911 1159 2972 Asin.

72 3017 135 3075 379.
148 3045 189 3056 -
200 3012 275 3076 istic
286 3016 370 3078 Aoid.
399 3015 540 3076 3150551.
569 3011 651 3088 ilico,
663 3036 691 3103 5.
705 3016 742 3074 ad
757 3017 827 3075 854.
840 3045 881 3056 -·-
894 3018 965 3074 901.
982 3013 1094 3090 „itiner
1105 3036 1161 3094 pro

71 3121 139 3176 itar“
165 3119 281 3178 Nonius
309 3141 337 3197 p.
363 3121 423 3178 482
448 3124 479 3177 ot
501 3119 562 3178 490
586 3106 786 3192 1515585511,
816 3120 906 3190 Aooii,
931 3118 1079 3192 Varronis,
1109 3119 1160 3176 ali-

71 3221 628 3282 55515155555055555Ρ1551.Μ515.
654 3223 725 3280 917.
748 3249 791 3260 -·
814 3217 884 3279 9022
910 3236 988 3296 quae
1011 3216 1092 3280 dicis
1114 3221 1159 3280 od.

71 3327 250 3398 pr.-904.
273 3325 350 3383 ante
372 3319 492 3384 1055555
514 3323 630 3396 hiatur3
655 3323 690 3381 R.
714 3329 840 3400 transp:
869 3325 967 3396 „intro
990 3324 1080 3381 eundi
1103 3343 1161 3382 non

12 3461 13 3470 ¹
72 3425 139 3486 esu.
154 3455 191 3468 -
208 3429 278 3486 905.
303 3425 451 3486 Lacunam
468 3428 550 3485 voois
568 3422 719 3500 responde
737 3425 845 3483 ohartae
869 3427 952 3496 vitio,
976 3431 1010 3484 ut
1032 3427 1159 3498 videtur,
1218 3485 1219 3488 ,

73 3535 161 3588 ortam
186 3529 308 3588 Charini
329 3535 399 3586 nota
423 3528 526 3586 addita
548 3529 678 3606 explevit
700 3528 733 3586 B.
757 3557 800 3568 —
823 3529 894 3587 906.
919 3543 1037 3602 operae,
1061 3529 1160 3587 5114.

71 3658 108 3671 -
139 3627 332 3692 commodum
354 3631 390 3702 D,
420 3629 465 3688 ad.
489 3650 534 3707 pr.
569 3659 611 3670 —
645 3632 714 3688 907.
745 3629 854 3690 contro
876 3644 945 3689 omo
969 3629 1015 3688 ed.
1038 3650 1084 3706 pr.
1122 3659 1157 3668 —

74 3733 136 3793 908.
175 3727 327 3795 Omnibus
367 3754 404 3791 55
437 3734 572 3792 ultimam
606 3732 767 3811 producat,
808 3733 945 3809 proxima
978 3734 1161 3810 transposuit

72 3833 238 3896 0511515155.
274 3863 311 3876 -
347 3829 482 3908 31511551,
514 3855 542 3894 v.
578 3836 615 3894 ad
644 3835 750 3914 Amph.
787 3837 835 3893 56.
867 3863 908 3873 -
939 3835 1010 3892 909.
1040 3849 1160 3894 55151115·

72 3935 165 3998 1515νό
197 3939 302 4016 scripsi
337 3941 474 4016 uorrapta
503 3939 613 4014 prima3
648 3938 683 3996 R.
718 3956 823 4013 ,quom
851 3932 1015 3995 moratur“.
1061 3936 1161 3995 Morus

72 4056 125 4098 555
146 4042 244 4098 ferens
266 4059 299 4098 ss
322 4039 418 4116 denuo
440 4039 647 4118 proficiscendi
670 4040 824 4100 5555111515
847 4039 1008 4116 sumpsisse
1031 4038 1158 4108 simulat,

74 4145 99 4198 et
119 4145 203 4220 quasi
226 4161 332 4220 parum
354 4144 400 4202 sui
423 4161 542 4219 oompos
565 4143 624 4200 iam
643 4141 701 4200 sibi
720 4140 836 4200 efflosra
856 4141 1010 4200 consilium
1032 4139 1158 4198 videtur.

73 4271 108 4284 -
131 4247 201 4304 910.
225 4239 308 4320 haec,
331 4265 358 4304 v.
384 4244 421 4302 sd
446 4244 521 4316 7543
542 4244 612 4302 odd.
639 4241 743 4318 „hoc“.
773 4273 814 4284 -
845 4239 974 4321 „puere“
999 4242 1084 4300 111111.
1119 4271 1161 4281 -

75 4345 138 4406 913.
162 4341 285 4406 Zoaom
308 4342 464 4421 („sonam“
489 4345 615 4406 Plautus
638 4344 801 4420 scribebat)
824 4341 953 4419 sustuli,
986 4347 1070 4422 quasi
1092 4365 1160 4423 pro·
