2932 5008
104 471 149 540 lv,
167 477 190 542 2,
207 476 293 530 00-80
511 475 592 530 Miles
611 475 756 544 gloriosus.
1140 476 1176 536 91

499 661 774 747 Milphidippa

104 768 260 853 Quomque
280 773 453 838 oratricem
475 771 563 836 haud
586 773 740 854 spreuisti
763 772 898 854 sistique
919 791 1052 837 exorere
1076 791 1115 836 ex
1137 777 1179 834 te.

107 874 186 951 Quid
209 879 269 942 est?
300 887 338 944 ut
360 880 455 944 ludo!

520 1049 752 1144 Palaestrio

275 1157 408 1240 Nequeo
431 1157 541 1222 herele
564 1157 709 1240 equidem
733 1158 801 1222 risu
825 1177 897 1222 meo
919 1157 982 1221 iam
1005 1156 1180 1234 moderatu

105 1263 150 1327 Ob
172 1285 236 1330 eam
256 1286 385 1331 oausam
410 1265 472 1330 huo
495 1265 555 1330 abs
578 1273 610 1330 te
634 1267 752 1330 anorti.

464 1435 803 1520 Pyrgopolinices

665 1543 737 1608 Non
761 1543 876 1626 edepol
899 1549 936 1606 tu
959 1543 1032 1618 sois,
1056 1542 1181 1616 mulier,

105 1651 252 1750 Quantum
274 1673 334 1735 ego
358 1651 515 1718 honorem
537 1671 624 1714 nuno
646 1651 693 1714 illi
717 1650 831 1716 haheo.

500 1843 775 1928 Milphidippa

738 1952 810 2018 Seio
834 1957 866 2016 et
888 1953 975 2016 istuc
997 1951 1045 2015 illi
1068 1949 1182 2015 dicam.

516 2115 753 2202 Palaestrio

106 2226 214 2296 Contra
235 2252 315 2296 auro
339 2231 395 2295 alii
418 2231 503 2296 hano
525 2231 666 2295 uendere
690 2233 798 2314 potuit
821 2251 963 2314 operam.

505 2423 778 2508 Milphidippa

712 2531 769 2598 Pol
794 2535 879 2596 istuc
901 2530 963 2596 tibi
986 2529 1093 2594 oredo.
1120 2547 1185 2598 1070

520 2703 755 2767 Palaestrio

104 2809 173 2875 Meri
194 2810 372 2875 bellatores
394 2812 579 2892 gignuntur,
603 2831 685 2894 quas
708 2811 761 2874 hio
784 2810 971 2893 praegnatis
994 2806 1080 2884 feeit,

104 2918 138 2984 Et
157 2922 247 3004 pueri
271 2939 372 2985 annos
396 2921 598 3008 octingentos
621 2920 747 2982 uiuont.

503 3089 778 3173 Milphidippa
1121 3157 1123 3168 ,

786 3196 855 3262 Uae
878 3195 947 3273 tibi,
970 3202 1119 3278 nugator.

478 3373 807 3458 Pyryopolioices

103 3478 177 3556 Quin
196 3482 283 3548 mille
301 3503 458 3548 annorum
476 3489 635 3566 perpetuo
653 3482 771 3546 uiuout
788 3480 829 3544 ab
848 3479 954 3545 saeclo
974 3479 1015 3544 ad
1033 3479 1184 3545 saeclum.

520 3674 756 3740 Palaestrio

103 3783 138 3850 Eo
160 3787 267 3849 minus
286 3784 362 3864 dixi,
384 3805 424 3848 ne
447 3782 528 3848 haee
546 3791 692 3846 censeret
714 3801 765 3846 me
788 3781 964 3850 aduorsum
988 3801 1021 3844 se
1045 3782 1185 3844 mentiri.

104 3939 165 3948 —--.-

160 4023 225 4077 1066
244 4021 295 4089 (lm
312 4037 357 4075 me
375 4020 410 4088 B,
428 4019 551 4089 Cumque
569 4015 657 4074 med
722 4019 760 4072 hii
774 4017 810 4084 Β,
828 4017 913 4073 hieu
977 4019 1050 4071 ixste
1122 4019 1187 4071 1067

70 4125 179 4179 neque
197 4107 225 4162 Β
303 4106 415 4175 quidem
491 4104 630 4160 risum‘ae
649 4103 676 4158 B
754 4105 810 4157 iam
829 4119 879 4158 om.
949 4103 1120 4156 moderarier

103 4197 158 4250 1068
174 4193 229 4248 Ml.
251 4191 293 4246 Ob
311 4191 347 4260 Β,
365 4191 417 4245 ΜΙ.
436 4190 522 4245 abo
599 4193 662 4243 1071
683 4190 830 4244 bellatoria
850 4189 1000 4256 cinguntur
1018 4187 1045 4241 Β
1123 4205 1186 4257 pre·

103 4281 202 4347 grands
221 4278 244 4333 0
314 4279 379 4331 10110
394 4277 448 4330 ΡΛ.
467 4293 502 4330 ue
520 4275 553 4342 B,
573 4275 627 4329 PY.
645 4289 680 4328 ue
700 4275 723 4331 0
790 4275 856 4328 1073
874 4273 928 4326 PY.
947 4289 996 4327 om.
1067 4271 1118 4340 Qui

104 4366 202 4420 atracio
276 4365 341 4416 1074
360 4363 478 4416 censerit
497 4360 525 4416 B
