2932 5008
749 489 840 545 Plauti
1121 489 1169 558 IV,
1188 493 1216 554 6,
1239 491 1361 545 53-62

620 680 958 764 Pyrgopolinices¹

801 785 914 852 Uideo.

654 939 929 1025 Milphidippa

945 1047 1023 1115 lube
1046 1067 1123 1130 crgo
1145 1048 1253 1114 adire.

628 1201 957 1288 Pyrgopolinices

245 1311 362 1377 Induxi
384 1313 418 1376 in
437 1311 581 1376 animum
599 1331 639 1375 ne
663 1310 786 1376 oderim
804 1313 883 1376 item
900 1319 936 1376 ιιι
954 1311 1044 1391 alias,
1067 1310 1198 1395 quando
1223 1316 1358 1378 orasti.

653 1486 928 1573 Milphidippa

245 1597 387 1662 Uerhum
405 1595 520 1680 edepol
539 1595 647 1660 lucere
664 1617 729 1662 non
746 1597 842 1679 potis,
867 1599 896 1661 si
914 1597 1088 1662 accesserit
1103 1617 1206 1680 propo
1225 1598 1274 1662 ad
1295 1605 1359 1679 te3

246 1705 330 1770 Dum
353 1711 386 1770 te
410 1710 572 1788 optuetur,
594 1706 722 1770 interim
745 1703 888 1814 linguam
911 1703 996 1770 oculi
1018 1703 1262 1789 praeciderunt.

502 1929 505 1936 -
620 1880 956 1966 Pyrgopolinices

246 1989 433 2056 Leuandum
458 1989 604 2054 morbum
627 1989 754 2054 mulieri
777 1989 882 2056 uideo.

656 2141 928 2228 Milphidippa

764 2251 808 2316 Ut
829 2254 941 2317 tremit
962 2259 1061 2336 atque
1083 2251 1245 2331 extimuit,
1271 2271 1354 2325 1265

245 2358 420 2442 Postquam
444 2365 477 2424 te
499 2357 664 2442 adspexit!

618 2512 956 2597 Pyrgopolinices

599 2619 669 2686 Uiri
692 2642 823 2706 quoque
845 2622 964 2688 armati
985 2621 1070 2686 idem
1092 2623 1178 2687 istnc
1200 2621 1349 2706 iaciunt,

244 2731 291 2796 Nc
313 2737 350 2795 tu
371 2731 487 2794 mirere
510 2730 688 2794 mulierem.
733 2729 796 2796 Sed
819 2731 897 2814 qnid
918 2729 977 2795 illo
997 2731 1070 2795 uolt
1090 2751 1141 2796 mc
1162 2730 1305 2796 facero?

654 2899 927 2985 Milphidippa

243 3007 292 3074 Ad
316 3030 351 3074 se
373 3015 410 3074 ut
432 3029 496 3074 ees.
541 3007 661 3074 Tecum
684 3010 795 3074 uiuere
816 3010 886 3074 uolt
908 3016 1006 3094 atquc
1028 3015 1168 3076 aetatem
1190 3011 1345 3094 exigere.

616 3185 955 3270 Pyrgopolinices
1189 3279 1193 3286 Ι

243 3292 354 3376 Egone
378 3293 420 3358 ad
442 3293 532 3358 illam
555 3314 636 3372 cam,
660 3315 744 3377 qnae
766 3301 870 3380 nupta
892 3295 956 3360 sit?
978 3293 1036 3360 Uir
1055 3295 1124 3359 eins
1146 3315 1198 3359 me
1216 3295 1345 3380 depre-

715 3409 720 3420 '
1051 3401 1180 3467 hendat.

652 3545 925 3629 Milphidippa

245 3651 328 3728 Quin
351 3658 409 3717 tua
432 3672 528 3718 causa
550 3655 658 3737 exegit
679 3655 784 3718 uirum
809 3653 850 3718 ab
874 3675 918 3718 se.

241 3807 469 3818 ..--..-—-—.

311 3893 377 3945 1262
394 3892 423 3946 in
442 3906 492 3946 cm.
510 3891 539 3946 B
607 3891 693 3946 odore
707 3889 741 3959 Β,
762 3891 913 3946 odorimO
975 3895 1097 3946 mutares
1115 3891 1226 3960 quondo
1245 3893 1342 3952 hone-

243 3977 312 4030 rasti
329 3975 357 4031 Β
445 3979 510 4032 1266
528 3977 655 4047 poluistu
672 3975 699 4030 B
778 3978 844 4030 1264
862 3977 990 4031 chnietur
1007 3977 1043 4044 Β,
1061 3976 1224 4032 obtinuetnr
1242 3977 1266 4033 0

240 4061 419 4131 perieruntB
489 4065 554 4117 1266
571 4063 661 4116 uideo.
680 4061 732 4114 Ml.
750 4062 834 4116 uiden
852 4067 883 4116 ut
901 4063 996 4117 tremit
1065 4063 1129 4115 1266
1143 4061 1252 4118 iaciunt
1264 4065 1340 4122 iube

240 4149 354 4202 domum
369 4147 410 4200 ire
481 4151 546 4202 1267
559 4149 658 4201 mirere
671 4147 768 4201 melius
783 4148 926 4201 mulierem
995 4147 1100 4201 illcom.
1170 4164 1213 4200 mc
1228 4151 1341 4206 lecerit

240 4229 275 4300 Β,
294 4239 353 4286 met
370 4232 495 4300 ageret*
568 4235 634 4286 1266
652 4232 793 4286 Adsedeas
810 4233 838 4287 B
907 4233 972 4286 1269
990 4232 1025 4286 ad
1042 4231 1134 4286 cml)
1199 4233 1293 4289 uirum
1316 4238 1343 4292 0

240 4317 405 4372 metuendus
424 4324 467 4371 est
484 4315 518 4386 B,
537 4323 660 4372 metuere
677 4317 769 4372 henda
786 4323 812 4371 st
832 4317 854 4372 0
921 4320 986 4372 1220
1004 4317 1054 4386 Qui
1072 4317 1099 4372 B
1172 4319 1262 4386 exigit

242 4403 332 4457 uirum
352 4402 488 4470 obsequit.
508 4402 561 4456 ΡΥ.
580 4402 615 4463 Β,
634 4403 722 4457 uirum
741 4404 858 4471 assequi.
878 4401 932 4457 PY.
953 4403 976 4458 G
