2940 5008
523 455 674 508 Mercator.

453 685 710 754 Argumentum
733 685 752 740 1

59 857 245 914 acrostichon.
295 859 321 915 l.
349 855 534 928 mercatum,
564 855 600 912 ol.
624 876 650 912 v.
676 857 725 914 82.
772 857 877 914 Hiatus
905 859 934 914 in
963 875 1082 915 caesuro.
1110 887 1147 896 -

60 960 86 1014 l.
115 937 272 1034 Confirlpil
294 959 340 1016 ed.
364 979 409 1034 pr.
432 987 474 998 *-
498 961 526 1016 5.
550 973 587 1016 ac
608 957 693 1017 Grut.
722 987 764 1000 -·
794 962 822 1018 7.
849 952 987 1032 Obduxe,
1017 961 1052 1019 cl.
1078 963 1148 1019 775.

59 1088 98 1100 -
120 1061 222 1118 Hiatus
250 1067 318 1120 ante
347 1062 484 1118 ultimum
514 1063 655 1119 creticum
684 1067 714 1118 et
736 1064 766 1120 in
790 1063 817 1120 h.
841 1085 869 1122 v.
893 1069 924 1120 et
952 1063 982 1120 in
1004 1065 1148 1138 proximo.

61 1163 91 1220 R.
121 1183 173 1241 pro
209 1145 385 1222 (licerinum
418 1164 540 1240 scripsit
575 1163 839 1238 „adulescentsm“,
874 1170 905 1222 ot
938 1167 967 1223 in
995 1168 1147 1243 proximo:

64 1268 103 1336 „ei
125 1263 268 1339 inuenit“,
291 1265 374 1344 prob.
397 1266 482 1324 Muli.
505 1259 589 1326 Pros.
612 1287 643 1344 p.
668 1269 745 1341 532;
768 1268 870 1343 Pylad.
897 1265 1099 1342 „inueneret“.

437 1507 696 1574 Argumentum
719 1507 758 1562 11

62 1677 218 1752 quindecim
249 1698 396 1736 versuum.
445 1680 471 1736 l.
500 1677 625 1736 anetum
652 1676 686 1736 R.
731 1678 838 1754 Opuso.
862 1679 890 1736 Il
923 1701 952 1758 p.
985 1682 1055 1752 396,
1090 1700 1149 1754 quo

63 1779 155 1838 Graeoo
175 1783 292 1840 nomine
319 1787 349 1838 et
371 1781 505 1840 Caecilius
532 1781 663 1838 fabulam
691 1783 843 1857 inscripsit
864 1787 895 1838 et
918 1781 1020 1840 Cicero
1042 1783 1150 1858 sepius

62 1885 156 1942 utitur.
179 1913 220 1923 -
244 1887 272 1942 2.
296 1879 415 1943 missus
442 1883 614 1942 Beroaldus.
637 1913 679 1922 -
703 1887 731 1942 3.
755 1880 844 1942 uenit
870 1883 974 1942 Lemb.
996 1913 1039 1924 -
1061 1885 1090 1942 4.
1120 1885 1151 1942 et

63 1984 168 2059 addidi3
197 1987 292 2046 Gom:
325 1983 526 2063 „uisumque“.
549 2013 592 2026 -
615 1987 643 2044 6.
668 1982 715 2045 ait
736 1988 806 2046 olim
829 1987 972 2046 additum.
1017 1985 1050 2044 R.
1079 1985 1149 2061 „fin-

63 2089 116 2159 giu
141 2095 190 2147 unt
214 2087 407 2162 „meinoret“.
430 2119 473 2129 -
499 2091 546 2147 10.
577 2083 726 2150 Uicinum
747 2090 811 2166 Pyl.
835 2118 876 2130 -
901 2084 1149 2160 Proemecaton

64 2190 94 2248 cf.
122 2191 208 2267 Epid.
237 2193 310 2250 407.
344 2221 386 2233 -
423 2194 470 2250 ll.
508 2192 605 2264 „illius
639 2189 735 2251 senis“
772 2213 851 2270 susp.
881 2193 1000 2250 Miiller.
1031 2220 1069 2232 ·-
1102 2195 1148 2250 12.

64 2297 190 2353 scorium
222 2289 405 2366 insimulet,
440 2297 476 2354 ci.
511 2295 577 2352 Ter.
614 2294 721 2354 Hesut.
751 2298 826 2354 204:
865 2296 965 2367 „illum
999 2295 1151 2353 insimulet

65 2394 188 2456 durum“.
206 2427 248 2436 —
268 2391 469 2470 „Protelare“
492 2399 534 2454 eit
552 2397 632 2456 Fest.
645 2397 727 2475 Epit.
742 2400 802 2456 235
823 2399 926 2474 „longe
943 2396 1149 2476 propellere“;

66 2497 94 2554 cl.
116 2499 176 2558 Ter.
200 2500 319 2558 Phorm.
345 2503 419 2559 213:
453 2501 514 2570 „Ne
536 2505 567 2558 te
591 2503 685 2560 iratus
708 2502 769 2559 suis
791 2500 950 2559 saeuidicis
973 2501 1060 2558 dictis
1082 2520 1149 2576 pro·

66 2599 154 2658 telet“.
187 2631 228 2642 —·
266 2605 314 2662 13.
338 2618 450 2678 exspes
472 2603 644 2663 Serocenus.
673 2633 715 2644 -
752 2606 799 2662 15.
823 2619 886 2663 uno
907 2603 1019 2661 addidi.
1065 2601 1148 2660 Mull.

69 2701 201 2772 „Exoret“
227 2725 306 2782 susp.
320 2735 362 2746 -
379 2707 450 2778 Qum
473 2711 544 2782 post
565 2705 593 2765 h.
606 2726 633 2764 v.
657 2705 809 2764 adduntur
830 2709 899 2765 novi
922 2723 1024 2765 versus
1046 2707 1148 2777 instar,

12 2837 13 2840 =
69 2805 135 2864 uode
154 2811 300 2880 venerint,
324 2829 384 2868 non
406 2809 514 2868 divino.

141 3115 237 3176 Primo
255 3138 343 3176 scene
360 3117 477 3194 prologi
496 3119 560 3176 vice
578 3119 722 3192 fungitur,
746 3123 780 3176 nt
797 3123 1001 3194 argumentum
1020 3123 1151 3194 exponet

70 3221 281 3290 spectatoribus.
326 3218 435 3278 Verum
465 3222 588 3298 exponit
616 3221 670 3280 hoo
697 3240 756 3280 non
783 3219 855 3280 deus
885 3221 991 3297 aliquis
1020 3220 1056 3278 ab
1085 3222 1149 3297 ipso

71 3327 225 3392 argumento
249 3323 364 3382 alienus
386 3343 441 3381 nec
463 3323 569 3382 histrio
592 3325 709 3400 prologi
731 3323 834 3382 hebitu
857 3323 987 3395 indutus,
1017 3323 1068 3382 sed
1091 3343 1150 3380 une

71 3424 202 3500 exipsius
228 3425 337 3484 snbnlae
364 3427 510 3501 personis,
539 3433 575 3485 nt
603 3429 633 3484 in
655 3426 752 3484 Milite
774 3447 801 3484 v.
827 3427 865 3484 79
888 3445 953 3503 sqq.
977 3426 1149 3498 Pelaestri03

72 3520 195 3588 addemus
222 3531 313 3587 etiem
334 3529 364 3586 in
386 3529 603 3606 Amphitruone
625 3528 822 3601 Mercurium
850 3548 946 3604 neque
975 3529 1036 3586 hoeo
1063 3549 1150 3586 soene

72 3621 101 3679 ab
119 3628 150 3687 iis
175 3650 241 3706 quse
264 3637 430 3708 sequuntur
451 3651 479 3690 v.
506 3634 565 3690 110
589 3631 691 3694 divelli
719 3637 829 3709 potest.
874 3632 946 3703 Qun
973 3631 1021 3689 hic
1049 3631 1148 3690 edule-

72 3743 139 3787 scens
159 3733 193 3792 de
216 3735 277 3792 suis
300 3735 389 3793 rebus
412 3736 485 3793 estis
506 3735 621 3811 prolixe
645 3738 777 3812 exponit,
801 3735 989 3806 Ritsohelius‚
1019 3753 1109 3811 quum
1132 3753 1149 3790 e

16 3869 18 3906 p
73 3835 160 3894 votens
186 3839 319 3914 prologis
347 3857 406 3895 non
434 3837 593 3897 admodum
617 3837 736 3896 differre
758 3837 941 3906 viderentur,
970 3857 1030 3895 non
1052 3839 1148 3896 minus

73 3936 155 4004 spuria
175 3938 286 4014 hebuit,
310 3946 400 4018 etque
418 3941 493 3998 odeo
516 3940 713 3998 διασκουαστοῦ
735 3941 859 3999 alicuius
876 3959 965 3998 menn
982 3940 1025 3997 ita
1041 3940 1147 3996 immu-

73 4033 124 4092 ΜΕ
147 4047 238 4117 putet,
267 4047 303 4102 ut
331 4042 403 4119 quid
432 4041 532 4102 Pleuti
560 4047 609 4118 eit,
640 4044 712 4120 qnid
740 4063 799 4101 non
827 4045 875 4114 sit,
905 4041 1063 4100 diiudicari
1090 4059 1149 4099 non

74 4141 165 4214 P0⁸sit3
185 4163 286 4204 verum
309 4145 387 4204 idem
409 4147 456 4204 vir
473 4145 577 4206 doetus
595 4147 784 4206 licentissime
801 4146 992 4224 transpositis
1013 4145 1149 4203 versibus

74 4243 98 4293 tl
124 4248 235 4306 mutetis
267 4247 368 4306 verbis
400 4269 460 4308 non
492 4253 554 4308 tam
582 4248 721 4309 Plautum
754 4249 842 4308 edere
875 4269 964 4326 quem
996 4253 1149 4306 centonem

75 4334 222 4408 Pleutinum
244 4349 388 4410 conficere
410 4350 537 4410 videtur.
583 4352 637 4412 His
659 4353 782 4412 abiectis
809 4353 835 4410 si
857 4351 895 4410 ed
918 4371 967 4428 ee,
997 4370 1064 4430 que
1085 4357 1148 4411 tro·
