2940 5008
298 488 360 549 2¹70
724 481 804 536 lliles
822 481 970 552 gloriosus.

299 673 396 738 lorte“
410 679 554 754 legerunt,
575 677 654 736 wa.
667 671 700 735 si
711 673 740 735 ei
751 674 840 754 forle,
859 679 988 736 transitu
1008 676 1086 736 15515
1097 697 1115 734 5
1125 676 1235 754 plurali
1248 676 1285 735 55
1295 679 1404 751 singu·
1455 729 1456 738 ,

300 782 401 852 larem,
426 801 452 838 v.
476 779 513 838 55
536 779 615 838 Men.
641 782 711 852 564,
735 779 787 838 555
805 782 896 854 iusto
919 781 1032 852 durius,
1061 799 1153 856 quare
1175 779 1210 838 R.
1234 784 1300 838 ante
1325 779 1405 836 bunc

298 901 414 942 uersum
433 882 575 942 excidisse
596 884 723 942 alterum
740 883 844 942 statuit
857 883 940 940 55151
958 875 1039 957 (coll.
1058 882 1125 941 Ter.
1139 881 1267 959 Adelph.
1286 883 1326 940 35
1341 873 1404 957 sq.)

302 985 353 1060 „Si
375 985 447 1044 nihi
476 984 554 1044 lilius
582 987 696 1044 reuerti
719 987 797 1044 forte
820 993 963 1044 555555551
986 981 1135 1044 domnm“.
1179 985 1255 1044 Mihi
1276 985 1349 1043 olim
1375 987 1405 1040 in
1456 991 1457 1026 ³

298 1094 425 1148 mentem
448 1093 586 1147 venerat:
614 1091 657 1162 „si
679 1108 773 1167 puero
796 1084 1190 1148 1515551156515“.-721.
1215 1087 1406 1161 ,5551515551-

298 1191 354 1251 55“
380 1193 469 1252 etiam
485 1192 520 1266 A,
544 1191 596 1250 sed
613 1193 806 1268 interrogatio
828 1209 887 1250 non
910 1189 1000 1248 babet
1023 1211 1082 1268 quo
1111 1190 1268 1263 reseratur,
1298 1209 1404 1267 quens·

298 1297 343 1354 515
370 1293 511 1354 defendat
539 1293 633 1372 Gepp.
658 1292 741 1353 Stud.
766 1293 793 1352 11
815 1315 845 1373 p.
872 1296 919 1366 19,
950 1297 1003 1370 qui
1031 1293 1111 1371 quod
1139 1297 1169 1352 in
1192 1296 1218 1352 A
1243 1289 1316 1368 „an“
1343 1311 1404 1351 non

303 1394 392 1470 „ont“
418 1397 506 1474 legit,
535 1397 654 1456 waius
677 1398 734 1455 aut
760 1393 797 1456 de
819 1409 897 1474 equo
919 1391 1046 1472 etapium
1068 1395 1163 1470 511555
1192 1397 1273 1473 quod
1302 1395 1403 1456 autern

298 1500 333 1559 R.
357 1501 531 1559 substituit:
570 1500 841 1572 „oeoidissetue...
866 1498 903 1557 55
932 1495 1078 1575 eqnoue“,
1110 1519 1169 1557 non
1202 1501 1296 1575 inagis
1328 1501 1403 1558 ferri

297 1607 407 1682 potest.
442 1601 491 1660 Br.
515 1609 595 1661 reete
619 1599 791 1676 cecidisset,
814 1603 923 1661 omisso
949 1597 1023 1676 „si“‚
1045 1607 1128 1662 515.
1154 1605 1223 1678 712,
1247 1623 1276 1661 5.
1301 1603 1402 1660 blado.

299 1705 349 1765 Gr.
375 1705 439 1764 Lat.
464 1707 526 1764 442
550 1725 575 1778 5,
605 1725 671 1764 ann.
697 1707 725 1763 2.
749 1733 791 1746 -
816 1701 854 1764 de
876 1719 968 1782 equ0;
998 1707 1033 1764 de
1064 1704 1146 1764 biatu
1176 1727 1204 1766 5.
1228 1705 1345 1783 Proleg.
1372 1724 1401 1782 p.

299 1811 370 1868 220.
394 1837 435 1848 -
459 1811 530 1868 722.
556 1804 891 1868 5515551521.-
916 1807 986 1868 723.
1010 1805 1334 1869 eseeetstdorit.
1359 1837 1402 1848 -

299 1913 369 1970 724.
394 1911 424 1970 et
442 1925 475 1971 te
497 1903 571 1970 bene
594 1911 628 1970 A.
652 1939 695 1952 -
715 1905 911 1970 25555815.
935 1939 977 1952 -·
1000 1913 1061 1972 725
1086 1932 1150 1988 sqq.
1173 1911 1262 1971 Ribb.
1287 1913 1402 1972 omissis

299 2015 467 2073 723-724
487 2014 675 2073 Palaestrioni
693 2011 785 2072 dedit.
818 2028 867 2072 me
885 2009 920 2072 di
938 2009 1073 2090 deaeque
1089 2013 1193 2074 ament
1210 2017 1245 2074 Δ.
1267 2045 1308 2059 -
1326 2017 1399 2074 726.

296 2129 361 2175 uno
388 2119 418 2176 iu
448 2117 541 2176 Abin
563 2119 707 2196 seriptum
729 2116 857 2176 videtur.
903 2117 989 2176 Lon:
1028 2135 1167 2194 „parasse
1188 2123 1224 2176 ut
1245 2115 1335 2177 uno“.
1360 2147 1399 2156 -

299 2221 476 2278 727-729.
510 2217 652 2278 Oritioarn
663 2220 722 2279 loni
733 2221 878 2279 rationem
891 2219 1043 2297 expedivit
1055 2218 1190 2297 Spengel.
1205 2219 1303 2280 Plaut.
1315 2241 1344 2300 p.
1359 2221 1399 2279 37

297 2341 341 2399 sq.
360 2321 434 2382 duos
452 2321 558 2396 Nonio,
582 2325 634 2400 qui
651 2343 681 2400 p.
694 2325 755 2382 415
773 2329 803 2380 et
824 2325 881 2383 157
905 2322 964 2380 555
987 2323 1166 2401 posteriores
1189 2343 1293 2383 versus
1316 2323 1401 2382 affert

297 2445 363 2484 oum
385 2428 487 2504 paucis
516 2427 671 2504 inpriore
693 2427 774 2486 vitiis
797 2421 908 2503 („quae
930 2426 1057 2503 inproba
1080 2430 1125 2484 est
1146 2445 1238 2499 mers,
1269 2429 1399 2505 pretium

297 2530 340 2587 eis
362 2531 477 2601 statuis,
500 2547 556 2606 pro
578 2531 690 2588 virtute
713 2535 747 2588 ut
764 2525 930 2601 nevient“).
954 2557 996 2568 —
1021 2530 1090 2588 727.
1114 2541 1339 2606 ayoranomus,
1369 2549 1398 2586 v.

297 2630 334 2689 55
358 2631 442 2708 Gapt.
463 2633 534 2691 817.
558 2659 595 2672 -
623 2633 693 2692 728.
716 2645 809 2706 mers,
832 2635 851 2691 i.
865 2651 890 2690 e.
910 2651 1002 2703 merx,
1026 2631 1168 2691 scribitur
1191 2632 1283 2690 etiarn
1306 2631 1397 2690 Poen.

299 2737 370 2794 339.
392 2733 473 2793 Pers.
499 2737 569 2795 239.
595 2737 665 2794 585.
700 2735 856 2794 6151556
886 2741 916 2792 51
944 2733 1024 2810 apud
1051 2731 1230 2794 11551155.
1257 2736 1327 2794 745.
1362 2733 1396 2792 os.

297 2837 371 2898 Nou.
397 2839 445 2897 27.
469 2867 511 2878 --
533 2833 645 2898 einen
667 2839 764 2916 primo
786 2838 850 2897 loon
873 2840 1012 2916 positum,
1040 2838 1075 2896 ol.
1100 2837 1137 2895 55
1160 2837 1237 2895 blen.
1261 2839 1333 2895 666.
1357 2865 1399 2876 -

297 2939 437 3020 Repetite
462 2943 608 3019 „pretium
631 2943 659 3000 51
681 2937 804 3001 statuit“
830 2944 923 3000 eleoto
946 2939 981 2999 R.
1004 2941 1176 3019 proposuit:
1209 2939 1309 3012 „Ques
1330 2959 1398 3016 pro·

297 3043 364 3102 best
397 3049 450 3100 aut
482 3041 663 3117 luculenta“,
698 3043 784 3102 Ribb.
816 3043 915 3116 „Quae
937 3043 1061 3120 probast
1090 3047 1121 3100 et
1147 3043 1245 3119 pretio
1276 3039 1397 3116 digna“.

296 3173 339 3184 -
363 3147 433 3205 729.
454 3145 621 3222 pauperat,
648 3167 811 3224 pauperem
832 3147 912 3221 fauit,
936 3167 963 3204 v.
987 3145 1063 3205 Non.
1087 3166 1116 3223 p.
1143 3145 1212 3205 157.
1248 3143 1399 3203 1151551155

301 3247 496 3326 „pauperet“‚
527 3248 605 3324 quod
635 3249 709 3308 dure
732 3249 769 3308 55
801 3245 871 3324 „ut“
897 3249 1100 3332 anteoedentis
1122 3265 1224 3306 555555
1253 3247 1398 3319 refertum

297 3349 540 3428 exspectabatur:
578 3353 693 3430 „pretio
720 3359 755 3410 ut
782 3349 957 3430 pauperet“.
987 3379 1024 3392 -
1056 3351 1127 3410 730.
1152 3345 1337 3426 5582015τὲ930
1363 3353 1399 3424 Δ,

299 3452 492 3511 5170051.
527 3481 568 3494 -
603 3456 673 3515 731.
696 3450 877 3531 ingeniatus
898 3454 933 3512 Δ.
964 3479 1004 3494 -—
1034 3449 1247 3530 longinquom,
1271 3455 1398 3532 longam,

298 3556 333 3614 ol.
350 3557 440 3614 1015.
464 3553 638 3616 11555600.
683 3553 803 3630 durent,
827 3559 1032 3616 ooninnotivus
1054 3558 1190 3630 iussione,
1214 3578 1243 3616 5.
1262 3556 1396 3616 551155.

299 3657 368 3716 598.
392 3686 434 3698 -
460 3659 529 3716 732.
556 3652 619 3733 Qua·
639 3654 765 3736 inprobi
787 3653 1094 3731 5555515155515511,
1118 3654 1148 3718 te
1170 3653 1346 3719 adimernst
1362 3659 1396 3718 A.

296 3755 336 3834 it,
358 3763 378 3818 i.
401 3780 427 3820 e.
450 3763 495 3836 iis,
519 3767 553 3820 ut
577 3763 647 3836 735,
672 3783 698 3822 v.
722 3763 840 3838 Proleg.
863 3783 893 3840 p.
915 3765 985 3822 212.
1011 3791 1047 3802 -
1075 3763 1144 3820 733.
1169 3761 1199 3821 et
1218 3761 1305 3822 Both.
1328 3763 1396 3821 555.

295 3889 338 3902 --
367 3863 437 3922 734.
460 3857 602 3938 facerent
622 3865 690 3926 555.
726 3895 763 3907 -
801 3867 870 3926 735.
895 3862 934 3936 io,
968 3867 987 3922 i.
1012 3883 1037 3924 5.
1060 3866 1113 3936 115;
1145 3865 1287 3924 usitatius
1321 3869 1399 3923 esset

299 3963 451 4040 „eornm“,
474 3973 509 4025 ut
531 3968 603 4028 Hor.
623 3967 678 4045 Ep.
703 3967 726 4042 1,
754 3971 800 4042 12,
825 3971 879 4027 245
907 3967 999 4042 „Vilis
1022 3968 1183 4026 amicorum
1205 3972 1252 4026 est
1273 3985 1398 4042 annone,

295 4065 382 4126 bonis
413 4069 466 4127 ubi
498 4071 571 4146 quid
604 4068 723 4144 deest“;
757 4095 785 4130 v.
809 4072 846 4130 55
876 4073 947 4130 273.
973 4099 1012 4110 -
1037 4072 1106 4130 736.
1129 4065 1278 4142 institue,
1308 4089 1336 4130 5.
1360 4071 1397 4129 55

297 4169 402 4229 Beoob.
431 4172 521 4231 1074.
544 4201 586 4216 -
610 4175 680 4233 737.
708 4167 829 4250 Quique
851 4189 904 4234 eos
925 4168 1083 4249 vituperet
1104 4173 1218 4232 Oemer.
1254 4172 1314 4232 855
1335 4173 1398 4232 huo

296 4271 459 4332 Ritsobelio
475 4276 519 4333 ita
535 4278 678 4352 languere
695 4277 882 4350 videbantur,
905 4283 940 4335 ut
956 4295 991 4334 55
1007 4293 1064 4354 pro
1081 4275 1260 4353 glossemate
1278 4277 1398 4335 eiioeret

296 4375 445 4453 longeque
479 4377 561 4440 eliud
590 4383 734 4458 scriptum
761 4381 853 4440 fuisse
882 4385 1004 4458 putaret
1025 4379 1119 4440 velut:
1157 4377 1233 4454 „Sed
1255 4377 1320 4438 5155
1341 4375 1395 4438 11“.
