2940 5008
289 469 351 530 968
716 463 798 518 nire·
815 463 962 532 gloriosus,

288 661 415 718 lustrare
438 665 490 732 est,
515 679 541 718 r.
566 657 677 717 Charis.
702 659 713 716 l
737 678 767 736 p.
781 660 831 718 69.
876 657 939 718 lloc
962 657 1009 716 die
1032 659 1079 718 vel
1101 657 1147 716 iris
1170 657 1271 716 diebus
1292 659 1390 716 etiarn
1462 665 1463 668 ’

288 763 427 839 privatim
457 763 647 820 lustrationes
680 761 797 820 babitus
830 779 893 819 esee
921 761 1078 834 credimus,
1111 762 1307 839 privatimque
1339 763 1391 834 iis,

288 866 339 942 qni
372 863 550 938 lustrando,.
565 865 784 941 praesentando,
826 864 1014 922 vaticinando
1048 865 1140 923 vitam
1169 861 1391 936 sustentabant,

288 987 409 1026 munera
436 971 525 1026 missa
554 986 626 1024 esee.
649 995 690 1006 -
714 967 785 1026 694.
811 959 1027 1026 Prucccnirici
1047 969 1082 1037 A,
1111 971 1146 1024 ut
1167 967 1226 1024 ianr
1248 965 1396 1038 Scaliger,

290 1070 326 1130 ci.
350 1069 426 1130 Non.
456 1089 485 1146 p.
509 1071 586 1128 494:
624 1067 738 1142 „Varro
768 1069 841 1128 Cato
875 1069 982 1128 verde
1013 1069 1116 1128 liberie
1147 1067 1321 1126 educandis:
1360 1073 1398 1126 ut
1463 1141 1464 1144 Ἰ

287 1173 400 1232 iaciant
422 1175 590 1249 pleraeque,
614 1177 649 1230 ut
671 1171 832 1230 adhibeant
853 1173 1060 1248 pracantricee
1078 1191 1132 1229 nec
1154 1169 1268 1230 medico
1292 1175 1396 1229 osten·
1463 1159 1464 1162 ¹

289 1272 391 1336 dant“.
435 1275 486 1334 Br.
513 1273 792 1348 „Praecantatrioi“.
816 1303 859 1316 -
880 1269 1060 1334 coniectm'ci
1082 1273 1207 1346 Gesner,
1231 1274 1267 1332 ci.
1281 1272 1393 1350 Amph.

191 1408 199 1426 ·
291 1379 385 1438 1144:
413 1373 668 1452 „coniectorem“;
696 1377 747 1436 sed
771 1377 894 1436 feminas
916 1379 947 1436 in
970 1377 1115 1434 eiusmodi
1137 1376 1225 1435 rebus
1248 1377 1394 1434 mulieres

291 1481 479 1540 adhibebant.
516 1509 558 1522 -
591 1482 651 1540 695
681 1479 768 1538 affert
790 1479 869 1540 Fest,
893 1499 923 1557 p.
948 1481 1022 1540 330:
1060 1479 1241 1554 „Flagitium
1275 1485 1328 1553 eet,
1367 1481 1395 1537 si
1464 1517 1465 1552 2

287 1585 361 1644 nihil
387 1586 531 1656 mittetur,
560 1603 636 1659 quae
664 1583 812 1660 superclio
839 1579 958 1661 epicit“.
1005 1573 1182 1660 diagridium
1211 1582 1271 1658 cci,
1298 1589 1393 1659 turpe
1464 1605 1465 1620 r

288 1693 340 1760 est,
364 1686 492 1746 sordidae
515 1686 649 1744 avaritie
671 1687 787 1762 culpam
810 1685 909 1759 babet,
940 1687 976 1744 cl.
996 1685 1077 1744 Trin.
1098 1687 1174 1744 612:
1207 1686 1394 1760 „Flagitium

287 1788 407 1867 quidem
430 1787 529 1846 hercle
550 1787 612 1861 liet,
635 1789 693 1848 nisi
716 1787 770 1848 dos
792 1788 913 1848 dabitur
933 1783 1072 1866 uirgini“.
1096 1817 1138 1829 ·-
1160 1801 1239 1864 quae
1261 1795 1293 1846 et
1308 1788 1337 1846 A
1362 1792 1394 1846 et

287 1884 416 1968 G(que)
439 1896 470 1948 et
492 1889 587 1963 Fest.;
615 1890 755 1950 audiatur
779 1885 856 1964 „ei“.
901 1891 978 1964 Quid
1007 1893 1047 1950 sit
1076 1891 1233 1969 supercilio
1263 1893 1391 1968 spicere,

287 1997 391 2071 ignoro
408 2013 442 2052 ac
457 2013 563 2052 vereor
580 2011 618 2052 ne
635 1993 724 2068 longe
744 1993 825 2052 aliud
848 1995 990 2071 scriptum
1008 1993 1108 2068 fuerit,
1129 1995 1220 2066 velut,
1238 1995 1264 2052 ei
1279 1996 1337 2052 iem
1352 1993 1391 2052 ad

287 2097 452 2156 ornatrices
470 2099 625 2170 transitur,
648 2095 738 2156 scribi
754 2099 864 2173 possit:
892 2117 987 2174 „quae
1005 2098 1163 2175 supercilia
1178 2093 1303 2168 inficic,
1324 2097 1345 2154 i.
1364 2117 1390 2154 e.

286 2201 386 2277 pingit
414 2199 504 2272 mihi,
535 2199 572 2258 cf.
603 2199 705 2260 laren.
729 2201 757 2275 2,
787 2202 842 2260 9³:
880 2201 1088 2277 „supercilium
1117 2199 1237 2259 madida
1265 2199 1390 2277 iuligine

286 2297 449 2374 tinctum“;
473 2301 541 2362 edd.
568 2322 645 2380 „quo
667 2299 846 2380 supercilio“
872 2303 957 2380 qnasi
980 2321 1039 2378 quo
1062 2303 1149 2376 iaetu,
1174 2323 1234 2378 qna
1252 2304 1312 2376 ira3
1337 2301 1391 2361 sed

286 2405 342 2464 hoc
362 2402 506 2481 flagitium
529 2425 593 2464 esse
615 2425 673 2464 non
696 2411 802 2483 potest.
836 2405 871 2464 In
894 2425 957 2465 eam
979 2411 1078 2464 umen
1100 2407 1280 2464 sententiam
1298 2405 1389 2464 Both.

289 2504 463 2582 „mittatnr“
494 2509 613 2585 scripsit
642 2513 672 2566 et
698 2507 733 2568 R.
762 2513 831 2568 cett.
860 2509 938 2568 huuc
959 2529 1078 2568 versum
1100 2513 1169 2588 post
1193 2510 1254 2567 699
1279 2529 1389 2586 poene·
1466 2504 1467 2584 i

286 2616 365 2670 runt.
387 2641 424 2652 -
449 2613 521 2670 696.
538 2605 739 2686 plicatricem
760 2613 786 2668 A
808 2617 876 2670 test.
895 2611 976 2672 [ὃν.
999 2617 1030 2669 et
1052 2615 1108 2670 iarn
1131 2609 1264 2670 Studem.
1285 2611 1388 2670 Herm.
1466 2587 1467 2654 l

285 2713 359 2792 Ιρ.Ι
376 2716 446 2788 289,
476 2716 529 2792 qui
552 2715 666 2773 confert
688 2714 872 2791 vestiplicanr
895 2713 974 2774 Trin.
999 2715 1070 2774 252.
1115 2713 1238 2774 Colerns
1264 2715 1389 2792 „piatri-

286 2815 365 2876 cenr“
391 2821 554 2893 scripserat
577 2838 613 2875 ex
635 2817 727 2876 Festo
748 2837 778 2894 p.
803 2819 880 2877 213:
914 2817 1049 2890 ,Pistrix
1071 2816 1226 2875 dicebatur
1248 2818 1389 2876 sacerdos

286 2939 351 2997 quae
374 2922 493 2996 expiare
516 2925 581 2979 erat
607 2920 704 2994 solita,
734 2939 822 2997 quarn
841 2967 846 2978 .
862 2967 867 2978 .
882 2965 890 2978 .
907 2921 958 2978 alii
980 2937 1090 2993 sagam,
1120 2921 1170 2977 alii
1193 2921 1387 2997 expiatricem

285 3019 423 3082 vocant“.
441 3051 483 3062 -
500 3037 565 3082 nors
577 3022 689 3098 poteri,
713 3043 752 3082 so.
777 3021 856 3096 lieri;
879 3043 906 3082 v.
927 3023 965 3083 ad
981 3023 1088 3100 Amph.
1109 3024 1179 3082 169.
1197 3051 1240 3062 -
1255 3017 1388 3082 comea-

285 3124 339 3198 ter,
361 3125 531 3199 moderate;
558 3131 594 3184 ut
615 3127 663 3185 hic
684 3126 886 3186 immoderata
908 3127 1073 3204 largitioni,
1102 3127 1146 3184 ita
1168 3123 1240 3184 alibi
1263 3124 1387 3184 festine·
1428 3147 1431 3158 ·

285 3229 362 3286 tioni
384 3229 555 3306 opponitur,
579 3249 606 3288 v.
630 3227 718 3307 Epid.
744 3231 814 3288 206.
838 3227 928 3288 Mero.
954 3231 1024 3288 949.
1048 3228 1140 3287 Stich.
1164 3228 1235 3287 531.
1287 3227 1388 3288 Etiam

285 3331 375 3390 colles
398 3331 559 3390 clementer
580 3350 701 3408 surgere
723 3333 872 3391 dicuntur.
890 3361 933 3372 -
950 3334 1022 3390 697.
1044 3327 1177 3405 ceratia,
1200 3349 1268 3407 que
1291 3350 1388 3390 ceram

285 3433 402 3511 praebet
433 3428 484 3509 (i),
519 3453 578 3511 qua
611 3455 681 3494 num
710 3435 748 3493 ad
775 3433 921 3494 sacrificia
955 3440 1008 3493 aut
1040 3435 1230 3494 lustrationes
1263 3441 1319 3492 aut
1351 3431 1388 3491 ad

285 3557 374 3614 qnam
403 3539 491 3596 aliam
516 3557 582 3606 ,rem
604 3557 678 3614 opus
700 3537 792 3596 inerit
813 3538 927 3614 ignoro.
973 3538 1013 3596 A:
1041 3533 1203 3610 „ceneriff
1228 3541 1387 3615 corrupte3

285 3659 355 3700 nuru
386 3637 572 3714 „cenerici
606 3661 624 3699 a
653 3641 745 3714 ferto,
776 3659 883 3717 genere
911 3640 978 3714 libi,
1014 3639 1092 3717 quod
1120 3658 1185 3698 cum
1217 3644 1303 3698 strue
1333 3639 1388 3696 diis

285 3743 475 3803 oflerebatur.
514 3741 586 3815 Quas
609 3743 739 3803 editores
761 3748 926 3817 tentarunt,
950 3746 1069 3802 omnino
1091 3742 1288 3818 improbanda
1311 3745 1387 3814 snut,

285 3847 369 3906 velut
390 3849 517 3921 geraria,
541 3847 621 3924 qnod
644 3846 718 3905 nihil
741 3852 795 3920 est,
823 3846 945 3917 toraria,
976 3865 1065 3923 quam
1088 3845 1272 3922 ὠλενοτρόφον
1296 3848 1388 3904 inter-

285 3955 453 4026 pretantur,
476 3951 600 4027 yapcrpd,
625 3949 705 4026 quod
727 3950 766 4008 ad
783 3947 900 4008 Graecas
919 3949 1078 4023 religiones
1099 3950 1237 4026 pertinet,
1261 3968 1291 4006 v.
1306 3948 1387 4008 Deru.

285 4053 380 4112 Nerer.
405 4054 456 4112 73.
501 4052 546 4111 Ne
567 4055 683 4112 tureria
705 4051 823 4128 quidem
852 4052 923 4110 mibi
951 4051 1059 4129 placet.
1085 4079 1121 4092 -
1147 4052 1220 4110 699.
1245 4043 1335 4126 Quid
1355 4053 1388 4109 A.

284 4183 326 4195 -
350 4157 420 4216 709.
444 4149 554 4215 borum
577 4154 630 4228 R.;
659 4154 755 4232 Gepp.
774 4153 858 4214 Stud.
882 4155 911 4213 Π
933 4175 963 4233 p.
988 4155 1027 4212 22
1051 4155 1081 4212 in
1104 4155 1129 4211 A
1152 4153 1226 4226 legit
1248 4151 1387 4214 KORUS.

286 4255 476 4330 -damna,
500 4257 535 4316 cf.
560 4257 598 4316 ad
621 4256 705 4316 (lurc.
720 4258 801 4316 err.
826 4287 866 4298 —
890 4259 960 4316 701.
984 4256 1072 4315 scrut
1093 4255 1214 4327 Lamb.;
1248 4253 1386 4330 „serant“

284 4364 381 4420 exstat
403 4361 493 4419 etiam
516 4361 546 4417 in
569 4360 603 4419 A.
622 4388 663 4400 -
683 4361 753 4419 702.
778 4353 827 4419 Di
849 4352 907 4419 libi
923 4352 1062 4436 propitii
1082 4358 1166 4432 sunt,
1191 4360 1210 4417 i.
1235 4378 1261 4418 a.
1285 4378 1387 4419 sanam
