2932 5008
312 530 372 618 Ι152
806 521 895 576 Plauti

731 711 823 796 Lysi
835 735 864 775 m
875 712 996 777 ochus

313 823 515 906 Quamquam
538 822 702 902 negotium
720 829 778 898 est,
800 823 826 884 si
851 820 926 902 quid
952 821 1013 897 nis,
1037 819 1204 903 Demipho,

313 931 384 996 Non
409 952 480 995 sum
502 937 680 1013 occupatus
703 949 858 1012 umquam
882 930 988 993 amieo
1011 948 1143 1010 operum
1169 927 1253 992 dare.
1344 945 1384 994 285
1439 907 1440 924 ¹

763 1116 959 1200 Demipho

314 1229 554 1308 Benignitatem
576 1233 666 1290 tuam
690 1225 767 1289 mihi
791 1229 927 1308 experto
950 1223 1132 1306 praedicas.

315 1335 399 1413 Quid
422 1335 483 1400 tihi
508 1355 567 1416 ego
590 1335 710 1398 aetatis
732 1333 869 1398 uideor?

736 1520 997 1606 Lysimachus

916 1629 1165 1706 Acherunticus,

316 1743 418 1806 Senex
443 1747 549 1818 uetur,
572 1739 767 1822 decrepitus,

767 1925 961 2010 Demipho

816 2035 976 2100 Peruorse
1000 2035 1107 2114 uides3

317 2147 400 2211 Puer
423 2167 504 2225 eum,
529 2124 729 2229 Lysimacho,
752 2145 950 2226 septuennis.

737 2331 998 2416 Lysimachus

1015 2439 1124 2504 Sanun
1149 2463 1194 2517 ee,

318 2551 380 2629 Qui
402 2573 537 2634 puerum
560 2556 592 2613 te
615 2571 685 2614 esee
708 2549 822 2614 dicae?

768 2737 964 2820 Demipho

885 2845 972 2910 Uera
996 2846 1160 2928 praedico.

736 3034 1000 3118 Lysimachus

318 3143 416 3208 Modo
440 3144 550 3208 hercle
573 3146 606 3207 in
629 3151 768 3208 mentem
792 3144 892 3220 uenit,
916 3143 994 3224 quid
1018 3149 1054 3207 tu
1079 3143 1219 3208 diceres:

321 3253 425 3316 Senex
447 3274 547 3334 quom
571 3253 735 3334 extemplo
757 3253 822 3315 iam
845 3273 905 3316 nee
928 3255 1028 3316 sentit
1051 3273 1112 3316 ueo
1135 3254 1231 3335 sapit,

318 3361 419 3425 Aiunt
441 3359 545 3424 solere
569 3381 642 3424 eum
664 3381 793 3425 rursum
815 3381 1056 3444 repuerascere.

769 3549 964 3632 Demipho

318 3659 420 3724 Immo
443 3657 493 3724 hie
516 3664 610 3723 tanto
633 3657 729 3723 ualeo
752 3677 849 3740 quem
874 3656 965 3720 ualui
989 3658 1086 3740 prius.

739 3867 1003 3952 Lysimachus

319 3979 407 4043 Beue
429 3978 538 4043 herele
560 3976 693 4052 fautum,
715 3985 749 4042 et
770 3977 907 4059 gaudeo.

387 4255 438 4306 287
456 4253 650 4307 acheruntinae
665 4249 693 4304 Β
751 4243 812 4304 ’289
830 4249 1019 4304 lueimaeheB
1088 4251 1248 4318 septueneie
1266 4255 1331 4302 earu
1346 4239 1400 4296 eid

320 4341 371 4392 290
389 4339 505 4406 praedio
522 4337 550 4391 B
626 4339 677 4392 292
695 4335 835 4404 extemplo
854 4341 896 4389 eet
915 4339 968 4389 iam
1048 4337 1098 4388 299
1115 4351 1210 4388 rurum
1229 4333 1258 4387 Β
