2960 5000
65 473 90 535 Ι,
110 475 137 540 3,
158 473 269 526 22-30
559 461 710 514 Poenulus.

498 647 788 734 Agorastocles

68 768 246 846 Quantum
271 765 451 830 Acherunti
474 770 524 827 est
547 767 759 832 mortuorum,

553 894 732 974 Milphio

792 1000 941 1063 Etiamne
964 996 1055 1060 abis?

500 1121 789 1207 Agorastocles

70 1243 194 1324 Neque
220 1245 380 1322 quantum
404 1237 503 1319 aquai
526 1241 575 1298 est
598 1235 630 1295 in
653 1231 746 1303 mari,

559 1367 733 1447 Milphio
828 1343 830 1348 ’

802 1473 962 1535 Abiturun
987 1469 1040 1531 es?
1157 1485 1208 1536 430

502 1593 788 1679 Agorastocles

74 1715 199 1797 Neque
224 1711 326 1776 nubes
350 1730 461 1774 omnes
486 1713 643 1789 quantum
667 1713 725 1779 est,

561 1839 736 1919 Milphio

788 1944 903 2024 Pergin
929 1941 1085 2024 pergere?

503 2065 791 2151 Agorastocles

79 2187 201 2268 Neque
225 2183 338 2247 stellae
362 2185 394 2246 in
419 2181 520 2258 caele,

564 2297 738 2376 Milphio

562 2407 679 2486 Pergin
702 2423 797 2466 eures
821 2397 981 2463 tundere?

86 2521 226 2604 „Neque
249 2519 312 2584 hcc
334 2538 439 2600 neque
462 2515 543 2580 illud
567 2515 689 2595 neque“

507 2647 793 2733 Agorastocles

748 2755 924 2818 Enimuero
948 2749 1042 2813 serio.

83 2873 203 2957 Neque
227 2871 337 2935 hercle
360 2891 439 2934 uero
463 2905 505 2914 -

566 2973 742 3053 Milphio

544 3083 628 3160 Quid
653 3089 748 3163 opust
771 3077 903 3142 uerbis?

505 3200 794 3286 Agorastocles

936 3301 1114 3384 Quippinil

568 3417 740 3501 Milphio

91 3531 189 3612 Quod
213 3552 279 3594 nno
303 3529 403 3594 uerbo
428 3528 535 3592 dicere
558 3529 611 3592 hic
635 3525 714 3609 quid
737 3525 787 3587 uis
810 3522 896 3584 licet.

506 3643 802 3729 Agorastocles

94 3759 212 3843 Neque
235 3757 343 3822 hercle
366 3779 445 3822 nero
467 3792 509 3802 -
531 3757 632 3820 serio:
656 3755 724 3817 scin
751 3747 937 3834 quomodo?

92 3869 147 3932 Ita
170 3889 221 3930 me
246 3866 279 3930 di
302 3867 460 3930 amabunt
482 3901 523 3910 -
545 3866 599 3928 nin
627 3861 844 3926 benedicam
868 3856 941 3932 fide,
1048 3925 1050 3929 ,

164 4089 216 4141 429
235 4087 369 4140 acherunl
387 4093 430 4140 ecl
515 4089 566 4140 430
585 4091 685 4152 equasl
703 4083 737 4146 Α,
756 4097 828 4148 equa
846 4089 888 4130 eet
906 4075 946 4142 B,
972 4083 1014 4127 est
1033 4092 1105 4142 aqna
1124 4072 1147 4130 0

97 4169 330 4226 abiturueneBO
401 4174 450 4224 431
472 4189 568 4224 omnes
587 4167 682 4224 omo
752 4167 802 4218 433
821 4165 887 4216 illuc
906 4160 959 4218 BG
1024 4160 1081 4214 AG.
1101 4161 1220 4226 cpolin-m

96 4261 171 4396 doeg
207 4257 361 4393 Ι4344411.
382 4257 711 4326 eceespau'adesunt
780 4268 851 4316 opus
871 4248 902 4314 A,
923 4263 992 4316 opus
1012 4243 1107 4299 ⁸ch
1172 4245 1223 4296 435

98 4361 145 4412 qni
167 4359 227 4394 uene
