2954 5002
117 493 174 560 lv,
200 499 223 558 1,
243 495 331 549 6-13
613 493 777 550 Pseudolus
1215 501 1258 563 73

118 681 214 748 Tum
238 685 295 770 pol
319 705 377 768 ego
406 686 532 762 interii,
562 684 659 750 homo
687 686 714 749 si
742 685 798 749 ille
827 683 926 763 abiit,
959 705 1065 768 neque
1091 683 1152 752 hoo
1175 707 1257 768 opus

755 793 842 876 quod
865 792 956 858 uolui
980 791 1077 860 hodie
1100 792 1253 859 aeficium.

119 900 194 967 Sed
220 921 335 968 eccum
365 901 462 967 uideo
490 900 683 966 uerbeream
707 906 867 980 statuam,
898 907 934 966 ul
956 903 996 980 it,
1026 910 1064 967 ut
1085 901 1254 986 magnifice

747 1007 846 1074 infert
868 1029 950 1076 sese.
1204 1027 1257 1081 915

118 1117 224 1197 Hem,
242 1123 276 1182 te
294 1117 402 1184 hercle
422 1137 482 1200 ego
502 1117 831 1200 circumspecubam3
854 1119 950 1183 nimis
969 1117 1152 1184 metuebam
1170 1119 1256 1185 male

746 1247 785 1289 ue
809 1225 942 1292 abisses.

633 1343 761 1410 Simia

119 1454 207 1518 Fuit
230 1474 339 1518 meum
363 1452 506 1520 officium
528 1461 565 1519 ut
587 1452 738 1532 lacerem,
760 1453 874 1519 lateor.

578 1595 807 1662 Pseudolus

727 1703 789 1769 Ubi
811 1705 1003 1770 restiteras?

633 1845 755 1911 Simia

841 1931 903 1996 Ubi
921 1931 1006 1998 'mihi
1029 1933 1167 1998 lubitum
1193 1941 1254 2000 est.

578 2039 802 2106 Pseudolus

119 2149 218 2214 Istuc
242 2169 301 2232 ego
324 2150 389 2213 iam
413 2150 493 2214 satis
517 2149 595 2215 scie.

632 2267 754 2334 Simia

656 2377 739 2454 Quid
765 2397 840 2460 ergo
864 2377 952 2460 quod
975 2378 1040 2444 sois
1063 2398 1113 2443 me
1136 2379 1255 2460 rogas?

579 2517 806 2586 Pseudolus

124 2631 170 2693 At
195 2629 257 2693 hoe
280 2627 365 2706 uolo,
389 2649 520 2693 mouere
543 2633 585 2693 te.

629 2751 754 2818 Simia

655 2861 854 2940 Moueudu's,
878 2881 919 2928 ue
942 2881 993 2926 me
1016 2879 1157 2926 moneas.

580 3001 806 3068 Pseudolus

124 3109 234 3176 Nimis
257 3111 389 3176 laudem
412 3130 472 3193 ego
496 3111 554 3178 abs
577 3117 610 3176 te
634 3119 832 3177 contemnor.

629 3247 755 3313 Simia

126 3355 257 3439 Quippe
281 3375 341 3438 ego
363 3361 397 3420 le
419 3356 451 3420 ni
476 3362 692 3436 contemnam,

128 3461 339 3529 Stratioticus
362 3461 459 3529 homo
483 3465 540 3547 qui
563 3464 673 3530 oluear
695 3465 785 3530 iam?

579 3601 804 3667 Pseudolus

127 3709 198 3773 Iam
221 3707 285 3774 hoo
308 3708 384 3774 uolo
408 3707 496 3792 quod
519 3717 689 3794 occeptum
712 3717 763 3775 est
786 3713 847 3794 agi.

627 3851 758 3917 Simia

617 3960 701 4024 Num
725 3961 806 4044 quid
829 3981 926 4043 agere
950 3960 1039 4026 aliud
1063 3981 1113 4024 me
1137 3960 1253 4025 uides?

133 4059 356 4071 m--.—

196 4130 247 4182 914
264 4127 355 4182 habiit
449 4131 538 4184 uoluit
625 4147 677 4198 ego
696 4129 781 4184 hodie
799 4129 852 4186 ΒΟ
936 4132 987 4185 915
1004 4129 1121 4183 heccum
1139 4128 1166 4181 B

128 4213 170 4268 uti
189 4219 219 4267 ut
237 4211 289 4268 BC
348 4215 399 4269 916
416 4214 504 4270 Ehem
523 4214 574 4269 Bo
633 4217 802 4286 9181psu..
821 4215 998 4285 B,ipsqu
1059 4216 1115 4268 iam
1134 4229 1184 4270 om.
1203 4212 1255 4268 BC

197 4316 247 4356 our
266 4315 318 4367 ego
337 4315 392 4369 quo
410 4299 463 4356 Bu
551 4301 603 4354 919
621 4307 735 4356 moneat
752 4299 804 4356 Be
893 4303 943 4356 929
962 4299 1117 4356 Stratioous
1135 4297 1186 4354 ΒΟ

128 4401 188 4440 esse
206 4384 291 4438 homo
311 4385 405 4440 oluear
423 4385 449 4439 A
520 4385 548 4439 Ρ.
567 4387 623 4440 iam
641 4385 692 4442 ΒΟ
760 4391 906 4456 ooueptum
925 4387 1005 4456 περὶ.
1025 4403 1099 4441 nuno
1118 4385 1185 4457 quid
1205 4384 1255 4439 Bo
