<?xml version="1.0" encoding="UTF-8"?>
<!DOCTYPE html PUBLIC "-//W3C//DTD XHTML 1.0 Transitional//EN"
    "http://www.w3.org/TR/xhtml1/DTD/xhtml1-transitional.dtd">
<html xmlns="http://www.w3.org/1999/xhtml" xml:lang="en" lang="en">
 <head>
  <title>
</title>
<meta http-equiv="Content-Type" content="text/html;charset=utf-8" />
  <meta name='ocr-system' content='tesseract 3.04.00' />
  <meta name='ocr-capabilities' content='ocr_page ocr_carea ocr_par ocr_line ocrx_word'/>
</head>
<body>
  <div class='ocr_page' id='page_1' title='image "./missing/tmacciiplautico01ussigoog/tmacciiplautico01ussigoog_0186.png"; bbox 0 0 2932 5008; ppageno 0'>
   <div class='ocr_carea' id='block_1_1' title="bbox 89 519 1188 603">
    <p class='ocr_par' dir='ltr' id='par_1_1' title="bbox 89 519 1188 603">
     <span class='ocr_line' id='line_1_1' title="bbox 89 519 1188 603; baseline 0.016 -32"><span class='ocrx_word' id='word_1_1' title='bbox 89 519 145 586; x_wconf 88' lang='lat' dir='ltr'>III,</span> <span class='ocrx_word' id='word_1_2' title='bbox 159 525 185 588; x_wconf 75' lang='lat'><strong>2,</strong></span> <span class='ocrx_word' id='word_1_3' title='bbox 203 523 295 590; x_wconf 75' lang='lat'>14-3,</span> <span class='ocrx_word' id='word_1_4' title='bbox 307 523 323 575; x_wconf 83' lang='lat'>6</span> <span class='ocrx_word' id='word_1_5' title='bbox 567 522 723 603; x_wconf 56' lang='lat' dir='ltr'><strong>neronom</strong></span> <span class='ocrx_word' id='word_1_6' title='bbox 1130 531 1188 589; x_wconf 80' lang='lat'><strong>177</strong></span> 
     </span>
    </p>
   </div>
   <div class='ocr_carea' id='block_1_2' title="bbox 153 709 1191 1228">
    <p class='ocr_par' dir='ltr' id='par_1_2' title="bbox 153 709 845 794">
     <span class='ocr_line' id='line_1_2' title="bbox 153 709 845 794; baseline 0.001 -20"><span class='ocrx_word' id='word_1_7' title='bbox 153 709 228 774; x_wconf 81' lang='lat' dir='ltr'><strong>Iam</strong></span> <span class='ocrx_word' id='word_1_8' title='bbox 249 712 354 794; x_wconf 88' lang='lat' dir='ltr'><strong>iurgio</strong></span> <span class='ocrx_word' id='word_1_9' title='bbox 377 709 527 788; x_wconf 78' lang='lat' dir='ltr'><strong>micabit,</strong></span> <span class='ocrx_word' id='word_1_10' title='bbox 551 712 577 774; x_wconf 88' lang='lat' dir='ltr'><strong>si</strong></span> <span class='ocrx_word' id='word_1_11' title='bbox 600 711 686 775; x_wconf 86' lang='lat' dir='ltr'><strong>intro</strong></span> <span class='ocrx_word' id='word_1_12' title='bbox 708 711 845 777; x_wconf 88' lang='lat' dir='ltr'>rediero.</span> 
     </span>
    </p>

    <p class='ocr_par' dir='ltr' id='par_1_3' title="bbox 156 818 1191 1120">
     <span class='ocr_line' id='line_1_3' title="bbox 156 818 1191 902; baseline 0.006 -18"><span class='ocrx_word' id='word_1_13' title='bbox 156 818 281 884; x_wconf 81' lang='lat' dir='ltr'><strong>Uerum</strong></span> <span class='ocrx_word' id='word_1_14' title='bbox 302 819 412 884; x_wconf 89' lang='lat' dir='ltr'><strong>hercle</strong></span> <span class='ocrx_word' id='word_1_15' title='bbox 435 825 599 902; x_wconf 87' lang='lat' dir='ltr'><strong>postremo</strong></span> <span class='ocrx_word' id='word_1_16' title='bbox 622 825 696 884; x_wconf 87' lang='lat' dir='ltr'><strong>utut</strong></span> <span class='ocrx_word' id='word_1_17' title='bbox 719 827 777 900; x_wconf 87' lang='lat' dir='ltr'><strong>ost,</strong></span> <span class='ocrx_word' id='word_1_18' title='bbox 802 841 865 884; x_wconf 90' lang='lat' dir='ltr'><strong>uon</strong></span> <span class='ocrx_word' id='word_1_19' title='bbox 889 819 943 884; x_wconf 93' lang='lat' dir='ltr'><strong>ibo</strong></span> <span class='ocrx_word' id='word_1_20' title='bbox 965 827 1084 896; x_wconf 84' lang='lat' dir='ltr'><strong>temen,</strong></span> <span class='ocrx_word' id='word_1_21' title='bbox 1140 839 1191 890; x_wconf 86' lang='grc'><strong>550</strong></span> 
     </span>
     <span class='ocr_line' id='line_1_4' title="bbox 157 925 1099 1011; baseline 0.003 -21"><span class='ocrx_word' id='word_1_22' title='bbox 157 925 223 992; x_wconf 86' lang='lat' dir='ltr'><strong>Sed</strong></span> <span class='ocrx_word' id='word_1_23' title='bbox 246 928 333 992; x_wconf 84' lang='lat' dir='ltr'><strong>hunc</strong></span> <span class='ocrx_word' id='word_1_24' title='bbox 355 929 498 992; x_wconf 88' lang='lat' dir='ltr'><strong>uicinum</strong></span> <span class='ocrx_word' id='word_1_25' title='bbox 521 928 612 1011; x_wconf 87' lang='lat' dir='ltr'><strong>prius</strong></span> <span class='ocrx_word' id='word_1_26' title='bbox 635 929 824 994; x_wconf 84' lang='lat' dir='ltr'><strong>conuenism</strong></span> <span class='ocrx_word' id='word_1_27' title='bbox 849 949 944 1011; x_wconf 84' lang='lat' dir='ltr'><strong>quem</strong></span> <span class='ocrx_word' id='word_1_28' title='bbox 970 929 1099 994; x_wconf 89' lang='lat' dir='ltr'><strong>domum</strong></span> 
     </span>
     <span class='ocr_line' id='line_1_5' title="bbox 156 1020 1074 1120; baseline 0.002 -20"><span class='ocrx_word' id='word_1_29' title='bbox 156 1035 313 1100; x_wconf 81' lang='lat' dir='ltr'><strong>Redeom.</strong></span> <span class='ocrx_word' id='word_1_30' title='bbox 360 1035 404 1100; x_wconf 89' lang='lat' dir='ltr'><strong>Ut</strong></span> <span class='ocrx_word' id='word_1_31' title='bbox 426 1035 505 1100; x_wconf 92' lang='lat' dir='ltr'><strong>mihi</strong></span> <span class='ocrx_word' id='word_1_32' title='bbox 528 1036 619 1101; x_wconf 82' lang='lat' dir='ltr'><strong>aedis</strong></span> <span class='ocrx_word' id='word_1_33' title='bbox 642 1037 770 1120; x_wconf 79' lang='lat' dir='ltr'><strong>sliquos</strong></span> <span class='ocrx_word' id='word_1_34' title='bbox 793 1037 964 1116; x_wconf 84' lang='lat' dir='ltr'><strong>conducat,</strong></span> <span class='ocrx_word' id='word_1_35' title='bbox 988 1020 1074 1114; x_wconf 82' lang='lat' dir='ltr'><strong>uolo,</strong></span> 
     </span>
    </p>

    <p class='ocr_par' dir='ltr' id='par_1_4' title="bbox 157 1143 1101 1228">
     <span class='ocr_line' id='line_1_6' title="bbox 157 1143 1101 1228; baseline 0.001 -21"><span class='ocrx_word' id='word_1_36' title='bbox 157 1143 225 1208; x_wconf 87' lang='lat' dir='ltr'><strong>Ubi</strong></span> <span class='ocrx_word' id='word_1_37' title='bbox 248 1143 376 1210; x_wconf 81' lang='lat' dir='ltr'><strong>habitet</strong></span> <span class='ocrx_word' id='word_1_38' title='bbox 398 1145 500 1210; x_wconf 75' lang='lat' dir='ltr'><strong>istaec</strong></span> <span class='ocrx_word' id='word_1_39' title='bbox 522 1145 647 1210; x_wconf 88' lang='lat' dir='ltr'><strong>mulier.</strong></span> <span class='ocrx_word' id='word_1_40' title='bbox 692 1147 799 1228; x_wconf 80' lang='lat' dir='ltr'><strong>Atque</strong></span> <span class='ocrx_word' id='word_1_41' title='bbox 822 1165 933 1210; x_wconf 88' lang='lat' dir='ltr'><strong>eccum</strong></span> <span class='ocrx_word' id='word_1_42' title='bbox 956 1146 983 1208; x_wconf 89' lang='lat' dir='ltr'><strong>it</strong></span> <span class='ocrx_word' id='word_1_43' title='bbox 1004 1143 1101 1208; x_wconf 82' lang='lat' dir='ltr'><strong>iores.</strong></span> 
     </span>
    </p>
   </div>
   <div class='ocr_carea' id='block_1_3' title="bbox 215 1434 1076 1516">
    <p class='ocr_par' dir='ltr' id='par_1_5' title="bbox 215 1434 1076 1516">
     <span class='ocr_line' id='line_1_7' title="bbox 215 1434 1076 1516; baseline 0.003 -17"><span class='ocrx_word' id='word_1_44' title='bbox 215 1434 485 1502; x_wconf 83' lang='lat' dir='ltr'>LYSIMACHUS</span> <span class='ocrx_word' id='word_1_45' title='bbox 521 1436 723 1516; x_wconf 83' lang='lat' dir='ltr'><strong>DEMIPHO,</strong></span> <span class='ocrx_word' id='word_1_46' title='bbox 758 1435 890 1502; x_wconf 83' lang='lat' dir='ltr'>SENES</span> <span class='ocrx_word' id='word_1_47' title='bbox 924 1435 964 1500; x_wconf 93' lang='lat'><strong>11.</strong></span> <span class='ocrx_word' id='word_1_48' title='bbox 1018 1436 1076 1502; x_wconf 89' lang='lat' dir='ltr'><strong>DU</strong></span> 
     </span>
    </p>
   </div>
   <div class='ocr_carea' id='block_1_4' title="bbox 91 1623 951 1814">
    <p class='ocr_par' dir='ltr' id='par_1_6' title="bbox 91 1623 951 1814">
     <span class='ocr_line' id='line_1_8' title="bbox 517 1623 781 1708; baseline 0.004 -20"><span class='ocrx_word' id='word_1_49' title='bbox 517 1623 781 1708; x_wconf 82' lang='lat' dir='ltr'><strong>Lysimachus</strong></span> 
     </span>
     <span class='ocr_line' id='line_1_9' title="bbox 91 1732 951 1814; baseline 0.001 -17"><span class='ocrx_word' id='word_1_50' title='bbox 91 1733 270 1798; x_wconf 81' lang='lat' dir='ltr'><strong>Adducam</strong></span> <span class='ocrx_word' id='word_1_51' title='bbox 293 1753 352 1814; x_wconf 82' lang='lat' dir='ltr'><strong>ego</strong></span> <span class='ocrx_word' id='word_1_52' title='bbox 374 1733 465 1798; x_wconf 93' lang='lat' dir='ltr'><strong>illum</strong></span> <span class='ocrx_word' id='word_1_53' title='bbox 488 1734 552 1798; x_wconf 85' lang='lat' dir='ltr'><strong>iem</strong></span> <span class='ocrx_word' id='word_1_54' title='bbox 576 1732 618 1797; x_wconf 78' lang='lat' dir='ltr'><strong>sd</strong></span> <span class='ocrx_word' id='word_1_55' title='bbox 641 1741 683 1810; x_wconf 86' lang='lat' dir='ltr'><strong>te,</strong></span> <span class='ocrx_word' id='word_1_56' title='bbox 707 1735 734 1798; x_wconf 92' lang='lat' dir='ltr'><strong>si</strong></span> <span class='ocrx_word' id='word_1_57' title='bbox 758 1754 951 1799; x_wconf 85' lang='lat' dir='ltr'><strong>conuenere.</strong></span> 
     </span>
    </p>
   </div>
   <div class='ocr_carea' id='block_1_5' title="bbox 94 1887 785 2308">
    <p class='ocr_par' dir='ltr' id='par_1_7' title="bbox 94 1887 785 2308">
     <span class='ocr_line' id='line_1_10' title="bbox 553 1887 746 1970; baseline -0.005 -19"><span class='ocrx_word' id='word_1_58' title='bbox 553 1887 746 1970; x_wconf 88' lang='lat' dir='ltr'>Demipho</span> 
     </span>
     <span class='ocr_line' id='line_1_11' title="bbox 94 1995 666 2072; baseline -0.003 -12"><span class='ocrx_word' id='word_1_59' title='bbox 94 1995 151 2060; x_wconf 88' lang='lat' dir='ltr'><strong>Me</strong></span> <span class='ocrx_word' id='word_1_60' title='bbox 178 1995 269 2059; x_wconf 87' lang='lat' dir='ltr'><strong>dicit.</strong></span> <span class='ocrx_word' id='word_1_61' title='bbox 664 2066 666 2072; x_wconf 50' lang='grc'><strong>,</strong></span> 
     </span>
     <span class='ocr_line' id='line_1_12' title="bbox 521 2115 785 2198; baseline 0.004 -18"><span class='ocrx_word' id='word_1_62' title='bbox 521 2115 785 2198; x_wconf 81' lang='lat' dir='ltr'><strong>Lysimachus</strong></span> 
     </span>
     <span class='ocr_line' id='line_1_13' title="bbox 320 2223 689 2308; baseline 0.005 -22"><span class='ocrx_word' id='word_1_63' title='bbox 320 2223 402 2300; x_wconf 83' lang='lat' dir='ltr'><strong>Quid</strong></span> <span class='ocrx_word' id='word_1_64' title='bbox 427 2225 485 2302; x_wconf 77' lang='lat' dir='ltr'><strong>aio,</strong></span> <span class='ocrx_word' id='word_1_65' title='bbox 508 2223 689 2308; x_wconf 84' lang='lat' dir='ltr'>Demipho?</span> 
     </span>
    </p>
   </div>
   <div class='ocr_carea' id='block_1_6' title="bbox 555 2377 1200 2556">
    <p class='ocr_par' dir='ltr' id='par_1_8' title="bbox 555 2377 1200 2556">
     <span class='ocr_line' id='line_1_14' title="bbox 555 2377 749 2462; baseline 0.01 -20"><span class='ocrx_word' id='word_1_66' title='bbox 555 2377 749 2462; x_wconf 82' lang='lat' dir='ltr'><strong>Demipho</strong></span> 
     </span>
     <span class='ocr_line' id='line_1_15' title="bbox 716 2485 1200 2556; baseline 0.014 -6"><span class='ocrx_word' id='word_1_67' title='bbox 716 2486 775 2551; x_wconf 86' lang='lat' dir='ltr'><strong>Est</strong></span> <span class='ocrx_word' id='word_1_68' title='bbox 798 2485 915 2551; x_wconf 86' lang='lat' dir='ltr'><strong>mulier</strong></span> <span class='ocrx_word' id='word_1_69' title='bbox 938 2487 1047 2552; x_wconf 80' lang='lat' dir='ltr'><strong>domi?</strong></span> <span class='ocrx_word' id='word_1_70' title='bbox 1150 2504 1200 2556; x_wconf 91' lang='grc'><strong>555</strong></span> 
     </span>
    </p>
   </div>
   <div class='ocr_carea' id='block_1_7' title="bbox 1 2593 787 2830">
    <p class='ocr_par' dir='ltr' id='par_1_9' title="bbox 1 2593 787 2830">
     <span class='ocr_line' id='line_1_16' title="bbox 1 2593 787 2726; baseline 0.008 -26"><span class='ocrx_word' id='word_1_71' title='bbox 1 2593 4 2726; x_wconf 68' lang='lat' dir='ltr'><strong>i</strong></span> <span class='ocrx_word' id='word_1_72' title='bbox 519 2640 787 2724; x_wconf 80' lang='lat' dir='ltr'><strong>Lysimachus</strong></span> 
     </span>
     <span class='ocr_line' id='line_1_17' title="bbox 98 2749 348 2830; baseline -0.016 -14"><span class='ocrx_word' id='word_1_73' title='bbox 98 2751 189 2830; x_wconf 86' lang='lat' dir='ltr'><strong>Quid</strong></span> <span class='ocrx_word' id='word_1_74' title='bbox 215 2749 348 2814; x_wconf 80' lang='lat' dir='ltr'><strong>censes?</strong></span> 
     </span>
    </p>
   </div>
   <div class='ocr_carea' id='block_1_8' title="bbox 398 2867 751 3054">
    <p class='ocr_par' dir='ltr' id='par_1_10' title="bbox 398 2867 751 3054">
     <span class='ocr_line' id='line_1_18' title="bbox 555 2867 751 2952; baseline -0.01 -19"><span class='ocrx_word' id='word_1_75' title='bbox 555 2867 751 2952; x_wconf 86' lang='lat' dir='ltr'><strong>Demipho</strong></span> 
     </span>
     <span class='ocr_line' id='line_1_19' title="bbox 398 2976 685 3054; baseline -0.003 -13"><span class='ocrx_word' id='word_1_76' title='bbox 398 2976 484 3054; x_wconf 85' lang='lat' dir='ltr'><strong>Quid</strong></span> <span class='ocrx_word' id='word_1_77' title='bbox 507 2979 535 3042; x_wconf 89' lang='lat' dir='ltr'><strong>si</strong></span> <span class='ocrx_word' id='word_1_78' title='bbox 556 2977 685 3042; x_wconf 78' lang='lat' dir='ltr'><strong>uisam?</strong></span> 
     </span>
    </p>
   </div>
   <div class='ocr_carea' id='block_1_9' title="bbox 523 3131 1137 3324">
    <p class='ocr_par' dir='ltr' id='par_1_11' title="bbox 523 3131 1137 3324">
     <span class='ocr_line' id='line_1_20' title="bbox 523 3131 790 3213; baseline -0.007 -17"><span class='ocrx_word' id='word_1_79' title='bbox 523 3131 790 3213; x_wconf 77' lang='lat' dir='ltr'><strong>Lysimachus</strong></span> 
     </span>
     <span class='ocr_line' id='line_1_21' title="bbox 729 3237 1137 3324; baseline -0.002 -20"><span class='ocrx_word' id='word_1_80' title='bbox 729 3237 815 3318; x_wconf 90' lang='lat' dir='ltr'><strong>Quid</strong></span> <span class='ocrx_word' id='word_1_81' title='bbox 837 3241 1016 3324; x_wconf 79' lang='lat' dir='ltr'><strong>properus?</strong></span> <span class='ocrx_word' id='word_1_82' title='bbox 1038 3259 1137 3304; x_wconf 79' lang='lat' dir='ltr'><strong>moue.</strong></span> 
     </span>
    </p>
   </div>
   <div class='ocr_carea' id='block_1_10' title="bbox 105 3393 1077 3814">
    <p class='ocr_par' dir='ltr' id='par_1_12' title="bbox 105 3393 1077 3814">
     <span class='ocr_line' id='line_1_22' title="bbox 558 3393 753 3476; baseline 0.005 -19"><span class='ocrx_word' id='word_1_83' title='bbox 558 3393 753 3476; x_wconf 88' lang='lat' dir='ltr'><strong>Demipho</strong></span> 
     </span>
     <span class='ocr_line' id='line_1_23' title="bbox 105 3501 358 3582; baseline -0.02 -11"><span class='ocrx_word' id='word_1_84' title='bbox 105 3503 197 3582; x_wconf 89' lang='lat' dir='ltr'><strong>Quid</strong></span> <span class='ocrx_word' id='word_1_85' title='bbox 219 3501 358 3568; x_wconf 79' lang='lat' dir='ltr'><strong>iscium?</strong></span> 
     </span>
     <span class='ocr_line' id='line_1_24' title="bbox 523 3620 792 3707; baseline 0 -21"><span class='ocrx_word' id='word_1_86' title='bbox 523 3620 792 3707; x_wconf 82' lang='lat' dir='ltr'><strong>Lysimachus</strong></span> 
     </span>
     <span class='ocr_line' id='line_1_25' title="bbox 405 3729 1077 3814; baseline -0.007 -18"><span class='ocrx_word' id='word_1_87' title='bbox 405 3729 499 3808; x_wconf 91' lang='lat' dir='ltr'><strong>Quod</strong></span> <span class='ocrx_word' id='word_1_88' title='bbox 522 3738 619 3814; x_wconf 82' lang='lat' dir='ltr'><strong>opust</strong></span> <span class='ocrx_word' id='word_1_89' title='bbox 641 3729 739 3808; x_wconf 83' lang='lat' dir='ltr'><strong>fecto,</strong></span> <span class='ocrx_word' id='word_1_90' title='bbox 761 3729 862 3794; x_wconf 82' lang='lat' dir='ltr'><strong>facito</strong></span> <span class='ocrx_word' id='word_1_91' title='bbox 886 3737 924 3794; x_wconf 90' lang='lat' dir='ltr'><strong>ut</strong></span> <span class='ocrx_word' id='word_1_92' title='bbox 945 3729 1077 3810; x_wconf 80' lang='lat' dir='ltr'><strong>cogites.</strong></span> 
     </span>
    </p>
   </div>
   <div class='ocr_carea' id='block_1_11' title="bbox 111 3883 1204 4166">
    <p class='ocr_par' dir='ltr' id='par_1_13' title="bbox 111 3883 1204 4166">
     <span class='ocr_line' id='line_1_26' title="bbox 560 3883 755 3951; baseline 0.005 -2"><span class='ocrx_word' id='word_1_93' title='bbox 560 3885 672 3951; x_wconf 88' lang='lat' dir='ltr'><strong>Demi</strong></span> <span class='ocrx_word' id='word_1_94' title='bbox 706 3883 755 3950; x_wconf 95' lang='lat' dir='ltr'><strong>ho</strong></span> 
     </span>
     <span class='ocr_line' id='line_1_27' title="bbox 111 3907 1204 4076; baseline -0.004 -19"><span class='ocrx_word' id='word_1_95' title='bbox 111 3993 200 4071; x_wconf 87' lang='lat' dir='ltr'><strong>Quid</strong></span> <span class='ocrx_word' id='word_1_96' title='bbox 224 3993 381 4072; x_wconf 83' lang='lat' dir='ltr'><strong>cogitem?</strong></span> <span class='ocrx_word' id='word_1_97' title='bbox 416 3991 574 4074; x_wconf 89' lang='lat' dir='ltr'><strong>Equidem</strong></span> <span class='ocrx_word' id='word_1_98' title='bbox 603 3907 713 4058; x_wconf 76' lang='lat' dir='ltr'><strong>heroic</strong></span> <span class='ocrx_word' id='word_1_99' title='bbox 737 4015 817 4076; x_wconf 90' lang='lat' dir='ltr'><strong>opus</strong></span> <span class='ocrx_word' id='word_1_100' title='bbox 839 3991 901 4056; x_wconf 87' lang='lat' dir='ltr'><strong>hoc</strong></span> <span class='ocrx_word' id='word_1_101' title='bbox 923 3989 1010 4055; x_wconf 82' lang='lat' dir='ltr'><strong>facto</strong></span> <span class='ocrx_word' id='word_1_102' title='bbox 1033 3991 1204 4067; x_wconf 82' lang='lat' dir='ltr'><strong>existumo,</strong></span> 
     </span>
     <span class='ocr_line' id='line_1_28' title="bbox 113 4099 441 4166; baseline -0.006 0"><span class='ocrx_word' id='word_1_103' title='bbox 113 4101 157 4166; x_wconf 81' lang='lat' dir='ltr'><strong>Ut</strong></span> <span class='ocrx_word' id='word_1_104' title='bbox 181 4099 238 4164; x_wconf 88' lang='lat' dir='ltr'><strong>ilio</strong></span> <span class='ocrx_word' id='word_1_105' title='bbox 258 4101 341 4165; x_wconf 81' lang='lat' dir='ltr'><strong>intro</strong></span> <span class='ocrx_word' id='word_1_106' title='bbox 359 4122 441 4166; x_wconf 82' lang='lat' dir='ltr'><strong>eam.</strong></span> 
     </span>
    </p>
   </div>
   <div class='ocr_carea' id='block_1_12' title="bbox 114 4255 341 4265">
    <p class='ocr_par' dir='ltr' id='par_1_14' title="bbox 114 4255 341 4265">
     <span class='ocr_line' id='line_1_29' title="bbox 114 4255 341 4265; baseline 0 -3"><span class='ocrx_word' id='word_1_107' title='bbox 114 4255 224 4262; x_wconf 54' lang='lat' dir='ltr'>——ou-</span> <span class='ocrx_word' id='word_1_108' title='bbox 232 4255 341 4265; x_wconf 68' lang='lat'><strong>——-</strong></span> 
     </span>
    </p>
   </div>
   <div class='ocr_carea' id='block_1_13' title="bbox 18 4333 1206 4478">
    <p class='ocr_par' dir='ltr' id='par_1_15' title="bbox 18 4333 1206 4478">
     <span class='ocr_line' id='line_1_30' title="bbox 18 4333 1206 4425; baseline -0.004 -34"><span class='ocrx_word' id='word_1_109' title='bbox 18 4405 19 4425; x_wconf 14' lang='grc' dir='ltr'><strong>χ</strong></span> <span class='ocrx_word' id='word_1_110' title='bbox 185 4336 310 4392; x_wconf 69' lang='grc'><strong>5491555</strong></span> <span class='ocrx_word' id='word_1_111' title='bbox 328 4339 420 4394; x_wconf 72' lang='lat' dir='ltr'><strong>omi)</strong></span> <span class='ocrx_word' id='word_1_112' title='bbox 494 4341 543 4392; x_wconf 88' lang='grc'><strong>553</strong></span> <span class='ocrx_word' id='word_1_113' title='bbox 562 4345 592 4393; x_wconf 86' lang='lat' dir='ltr'><strong>ut</strong></span> <span class='ocrx_word' id='word_1_114' title='bbox 607 4339 723 4392; x_wconf 71' lang='lat' dir='ltr'><strong>forasti</strong></span> <span class='ocrx_word' id='word_1_115' title='bbox 790 4337 838 4392; x_wconf 90' lang='lat' dir='ltr'><strong>DU</strong></span> <span class='ocrx_word' id='word_1_116' title='bbox 858 4355 907 4392; x_wconf 84' lang='lat' dir='ltr'><strong>om.</strong></span> <span class='ocrx_word' id='word_1_117' title='bbox 926 4337 954 4390; x_wconf 88' lang='lat' dir='ltr'><strong><em>B</em></strong></span> <span class='ocrx_word' id='word_1_118' title='bbox 1023 4337 1072 4389; x_wconf 90' lang='grc'><strong>555</strong></span> <span class='ocrx_word' id='word_1_119' title='bbox 1091 4335 1161 4388; x_wconf 90' lang='lat' dir='ltr'><strong>dicis</strong></span> <span class='ocrx_word' id='word_1_120' title='bbox 1179 4333 1206 4387; x_wconf 84' lang='grc' dir='ltr'><em>Β</em></span> 
     </span>
     <span class='ocr_line' id='line_1_31' title="bbox 19 4423 850 4478; baseline 0.001 -2"><span class='ocrx_word' id='word_1_121' title='bbox 19 4439 20 4444; x_wconf 61' lang='grc'><strong>“</strong></span> <span class='ocrx_word' id='word_1_122' title='bbox 116 4427 166 4476; x_wconf 86' lang='grc'><strong>556</strong></span> <span class='ocrx_word' id='word_1_123' title='bbox 186 4439 269 4476; x_wconf 79' lang='lat' dir='ltr'><strong>mane</strong></span> <span class='ocrx_word' id='word_1_124' title='bbox 285 4439 331 4477; x_wconf 78' lang='lat' dir='ltr'><strong>mn.</strong></span> <span class='ocrx_word' id='word_1_125' title='bbox 400 4423 450 4477; x_wconf 84' lang='grc'><strong>558</strong></span> <span class='ocrx_word' id='word_1_126' title='bbox 468 4425 602 4478; x_wconf 86' lang='lat' dir='ltr'><strong>exestimo</strong></span> <span class='ocrx_word' id='word_1_127' title='bbox 622 4423 649 4478; x_wconf 91' lang='lat' dir='ltr'><strong><em>B</em></strong></span> <span class='ocrx_word' id='word_1_128' title='bbox 718 4425 767 4477; x_wconf 89' lang='grc'><strong>559</strong></span> <span class='ocrx_word' id='word_1_129' title='bbox 783 4424 850 4477; x_wconf 88' lang='lat' dir='ltr'><strong>iiluc</strong></span> 
     </span>
    </p>
   </div>
   <div class='ocr_carea' id='block_1_14' title="bbox 974 4543 1145 4669">
    <p class='ocr_par' dir='ltr' id='par_1_16' title="bbox 974 4543 1145 4669">
     <span class='ocr_line' id='line_1_32' title="bbox 974 4543 1004 4593; baseline 0 0"><span class='ocrx_word' id='word_1_130' title='bbox 974 4543 1004 4593; x_wconf 81' lang='lat'><strong>12</strong></span> 
     </span>
     <span class='ocr_line' id='line_1_33' title="bbox 1135 4629 1145 4669; baseline 0 0"><span class='ocrx_word' id='word_1_131' title='bbox 1135 4629 1145 4669; x_wconf 81' lang='lat' dir='ltr'><strong>i</strong></span> 
     </span>
    </p>
   </div>
   <div class='ocr_carea' id='block_1_15' title="bbox 0 0 1470 5008">
    <p class='ocr_par' dir='ltr' id='par_1_17' title="bbox 0 0 1470 5008">
     <span class='ocr_line' id='line_1_34' title="bbox 0 0 1470 5008; baseline 0 0"><span class='ocrx_word' id='word_1_132' title='bbox 0 0 1470 5008; x_wconf 95' lang='lat' dir='ltr'><strong> </strong></span> 
     </span>
    </p>
   </div>
  </div>
 </body>
</html>
