2940 5008
266 469 330 529 280
525 415 531 428 ⁸
699 463 778 518 Miles
797 463 941 532 gloriosus.

267 662 293 718 si
315 661 414 718 omnis
436 657 565 718 eiusdem
588 661 744 718 seutentioe
767 665 845 731 sunt,
871 657 962 732 „hoc“
988 659 1036 716 rel
1062 653 1173 732 ,illud“
1194 658 1301 716 bonum
1326 657 1371 714 di·
1458 689 1459 736 3

267 761 392 821 cendum
412 767 467 832 est,
490 761 542 820 sed
561 763 819 838 interrogativum.
849 760 954 820 Restet
970 767 1005 820 ut
1022 762 1145 820 iunctim
1166 757 1368 833 ,nescientes“

267 863 430 923 scribatur:
458 863 554 937 „Dum
566 865 739 938 nescientes,
758 863 839 940 quod
855 863 963 922 bonum
982 859 1155 938 iaciemus“,
1178 883 1218 922 sc.
1237 863 1369 937 egimus,

268 966 319 1024 sed
346 965 402 1024 hoc
430 985 548 1044 quoque
576 967 664 1025 nimis
692 966 766 1025 dure
794 965 931 1040 nuditum
964 967 1022 1024 dici
1045 965 1148 1025 debuit
1170 971 1235 1024 out:
1272 964 1371 1038 „Dum

268 1063 301 1146 (i.
325 1089 350 1127 e.
373 1065 473 1140 modo)
497 1089 533 1127 ne
555 1064 712 1141 sciemus“,
744 1074 804 1140 ent,
828 1068 907 1145 quod
930 1069 1031 1145 posui:
1061 1061 1150 1128 Dum
1171 1061 1205 1142 (i.
1230 1087 1255 1126 e.
1279 1085 1370 1143 quem
1459 1099 1460 1120 i

268 1167 332 1244 diu)
354 1167 544 1244 nesciemus;
567 1171 692 1230 Plautus
709 1173 795 1244 enim,
817 1176 852 1230 ut
868 1171 1018 1232 interdum
1035 1171 1168 1230 futurum
1190 1171 1221 1230 in
1244 1159 1368 1248 epodosi

267 1293 333 1335 cum
361 1275 502 1352 presenti
530 1277 561 1332 in
583 1274 695 1353 proteri
723 1273 836 1348 iungit,
864 1293 891 1331 v.
916 1273 954 1332 ed
976 1273 1083 1349 Amph,
1108 1275 1183 1344 714,
1213 1273 1257 1330 its
1278 1273 1370 1328 etiem

267 1378 400 1436 futurum
422 1379 453 1436 in
474 1379 589 1454 protasi
611 1395 676 1436 cum
698 1377 840 1454 presenti
861 1377 893 1434 in
917 1375 1048 1454 epodosi,
1073 1395 1100 1433 r.
1124 1376 1206 1433 Asin.
1222 1375 1297 1432 229:
1326 1375 1368 1443 ,si
1460 1431 1461 1448 ,

268 1480 343 1538 elius
366 1478 404 1538 ed
426 1499 472 1536 rne
493 1481 577 1558 prius
600 1479 749 1553 attulerit,
779 1483 812 1536 tu
835 1476 933 1550 uele“,
968 1478 1004 1538 ci.
1027 1477 1067 1538 ib.
1094 1479 1167 1536 156:
1205 1481 1369 1554 „quantum
1460 1455 1461 1464 ἵ

267 1583 391 1660 poteris,
425 1581 534 1640 festine
561 1601 595 1640 ec
628 1577 727 1658 iuge“.
761 1609 804 1620 -
838 1582 898 1640 892
933 1581 1008 1639 mule
1040 1585 1208 1658 corruptus.
1253 1577 1366 1655 Vulgo:

271 1685 371 1758 „Melo
393 1684 475 1742 nulle
496 1684 638 1742 meretrix
661 1689 715 1756 est,
745 1703 782 1742 ue
804 1703 897 1762 pene;
920 1683 1071 1760 peioribus
1093 1683 1283 1741 conueniunt.
1317 1679 1368 1738 R.:

270 1787 370 1860 „Melo
386 1785 468 1844 nulls
483 1787 590 1844 mulier
607 1782 690 1857 est“;
714 1791 778 1845 tum
796 1788 991 1864 posteriorem
1014 1786 1101 1844 huius
1123 1803 1228 1844 versus
1250 1789 1367 1862 portem
1461 1823 1462 1834 ,

268 1890 457 1966 prioremque
484 1887 612 1964 proximi
645 1887 789 1946 excidisse
823 1890 946 1948 censuit.
992 1887 1141 1947 staden:
1178 1885 1257 1962 ,Pu
1289 1887 1369 1943 Male
1461 1875 1462 1882 ἵ

268 2011 346 2049 mers
379 2009 410 2048 es
443 1983 580 2048 mulier“.
625 1990 701 2049 Tum
723 1989 864 2050 Lorcnc.:
902 1991 954 2062 „A.
978 1990 1023 2048 Ne
1046 2010 1132 2069 poue,
1156 1991 1275 2067 peiores
1298 2008 1366 2048 cou-

269 2087 413 2151 venibis“.
460 2091 550 2168 Bugg.
575 2091 694 2151 Tidslrr.
718 2093 736 2150 f.
761 2092 836 2152 Phil.
860 2092 916 2150 VII
937 2111 967 2169 p,
994 2095 1045 2152 17:
1083 2092 1162 2166 „PE¹
1185 2091 1284 2150 Meloe
1306 2111 1368 2149 mu·
1462 2086 1463 2156 i

268 2189 369 2253 lieres!
398 2195 433 2252 A.
456 2195 500 2252 Ne
522 2213 613 2272 peue;
636 2198 754 2273 peiores
776 2191 955 2254 inuenibis“.
1001 2193 1158 2254 Ribbeck:
1185 2193 1264 2268 „Pu
1288 2193 1368 2251 Melo
1462 2185 1463 2190 ¹

270 2297 377 2356 mulier
399 2317 476 2355 mers
498 2303 552 2356 est.
586 2301 622 2356 A.
643 2297 687 2355 Ne
705 2317 792 2376 pene,
815 2298 889 2356 hunt
910 2299 1026 2375 peiores
1043 2293 1276 2356 conuenibunt“.
1311 2295 1367 2354 Sed

269 2401 349 2478 quod
367 2419 467 2458 omnes
484 2401 671 2458 retinuerunt
690 2421 745 2473 ,ne
761 2394 972 2478 peue“'(codd.
994 2397 1136 2478 „pouet“)
1159 2399 1231 2458 ferri
1249 2399 1300 2458 vix
1317 2393 1367 2476 po·

268 2509 337 2579 test,
367 2505 471 2582 utique
497 2503 690 2561 entece'dente
720 2523 775 2576 „ne
803 2499 965 2578 formido“;
993 2505 1096 2580 itaque
1124 2503 1244 2578 scripsi:
1276 2495 1368 2560 Mala
1463 2494 1464 2562 Ῡ

268 2601 417 2665 mutieres
444 2605 536 2665 natae
563 2601 619 2663 cui
644 2599 810 2680 peioribus
843 2603 1040 2665 conueniunt.
1085 2605 1245 2663 Mulierum
1274 2623 1368 2678 genus

269 2709 342 2767 dicit
375 2708 453 2766 melo
486 2709 582 2766 omine
611 2713 712 2766 netum
745 2709 888 2785 metisque
921 2708 1056 2766 omnibus
1085 2713 1188 2784 aptum
1217 2727 1297 2779 esse;
1332 2707 1367 2764 ci.

269 2811 366 2870 Cesin.
381 2812 457 2869 592:
484 2809 567 2882 „Quo
584 2830 638 2886 ego
656 2810 733 2868 huuc
753 2830 882 2869 umorem
893 2809 965 2868 mihi
977 2829 1040 2868 esse
1058 2813 1107 2869 eui
1120 2811 1216 2869 dicem
1228 2805 1365 2868 detum?“

268 2915 396 2973 Prorsus
413 2931 484 2972 vero
502 2913 697 2990 improbando
713 2919 758 2971 est
776 2909 929 2970 Ribbeckii
952 2913 1076 2972 eudecie
1092 2919 1161 2991 post
1182 2911 1244 2970 hoec
1266 2930 1369 2970 versus

270 3017 415 3076 see-39
439 3019 470 3074 et
496 3019 559 3074 tum
587 3015 692 3074 lecuns
714 3016 870 3074 interiectu
892 3017 1038 3074 912-18
1061 3016 1208 3092 ponentis.
1231 3043 1274 3054 —
1298 3015 1367 3072 893.

273 3111 377 3188 Cesso,
400 3137 427 3175 v.
452 3115 490 3174 sd
511 3117 579 3176 Aul.
605 3119 676 3176 389.

356 3221 427 3278 894.
452 3219 538 3277 Hunc
555 3239 672 3278 versum
695 3219 729 3278 R.
749 3219 864 3280 duobus
883 3221 1025 3298 proximis
1044 3223 1224 3297 postposuit,
1248 3223 1368 3278 temere.

268 3322 425 3381 Pslaeetrio
452 3341 552 3381 senem
581 3323 710 3396 selutet;
738 3328 802 3381 tum
830 3343 929 3381 secum
958 3323 1031 3382 dicit
1059 3343 1126 3382 eum
1149 3317 1251 3398 lepide
1274 3337 1368 3380 orne-

271 3424 338 3483 tum
360 3423 507 3496 incedere,
530 3427 549 3483 i.
574 3444 600 3484 e.
623 3425 723 3503 lepido
746 3427 900 3498 comitutu,
924 3427 959 3485 ci.
984 3425 1068 3501 Cept.
1082 3427 1160 3484 446:
1186 3425 1245 3499 „Et
1266 3431 1319 3484 tue
1341 3431 1371 3482 et

269 3533 321 3586 tue
354 3526 410 3585 huc
440 3528 591 3586 reuenism
619 3533 741 3587 ornatus
771 3548 807 3586 ex
829 3525 1007 3588 seutentis“.
1043 3527 1080 3586 od
1102 3528 1170 3587 Aul.
1196 3529 1267 3587 713.
1313 3527 1370 3587 Sed

271 3648 372 3688 versus
406 3649 494 3688 ceusu
526 3635 579 3689 eut
616 3651 682 3690 cum
712 3630 825 3690 Cemer.
863 3611 980 3709 „lepido
1013 3627 1136 3690 ornetu“
1172 3630 1368 3702 scribendum,

270 3737 321 3790 eut
349 3751 405 3808 pro
431 3729 577 3807 „incedit“
602 3728 698 3807 cedit,
729 3753 756 3792 v.
781 3735 818 3792 ed
840 3733 922 3792 Asin.
947 3735 1019 3792 402.
1042 3731 1077 3792 R.
1104 3737 1242 3804 „eructes
1264 3729 1366 3791 ducis¹⁴

270 3836 404 3913 scripsit,
435 3833 504 3896 Lor.
535 3842 566 3895 ct
593 3835 641 3895 Br.
674 3843 799 3910 „ornate
827 3833 969 3896 incedit“.
1003 3865 1045 3876 -
1079 3837 1149 3894 895.
1181 3829 1367 3896 Palaestrio.

269 3931 332 3997 Em
355 3937 446 4011 Com,
477 3941 512 3998 cf.
538 3941 608 3998 367.
642 3969 685 3980 -
719 3941 790 3999 896.
813 3955 862 3999 me
884 3945 914 3998 et
936 3935 1091 3998 adducere
1118 3937 1230 4013 etque
1253 3937 1300 3996 ed.
1323 3957 1368 4014 pr.

271 4069 307 4082 -·
333 4033 395 4114 Eu,
420 4061 447 4098 r.
471 4041 509 4100 ed
530 4041 619 4100 Most.
646 4043 715 4100 331.
746 4071 788 4082 -
815 4041 923 4101 noster
944 4040 1023 4114 este,
1055 4059 1082 4100 v.
1106 4040 1144 4098 ed
1168 4038 1273 4100 Becch.
1298 4043 1369 4106 440.

268 4171 311 4184 ·-
335 4133 418 4202 897.¹
432 4137 511 4218 Quis
540 4139 598 4218 hic,
630 4137 749 4217 amabe,
773 4137 844 4204 eet?
872 4143 950 4203 Cam.
974 4171 1017 4182 -
1040 4144 1111 4202 898.
1135 4143 1198 4202 tum
1213 4159 1276 4218 pro
1298 4144 1370 4204 ncta

269 4241 410 4306 nominat
431 4261 478 4303 me
500 4244 610 4319 Guiet.,
639 4247 675 4304 ci.
702 4248 772 4306 849.
796 4277 838 4286 -
860 4241 1053 4315 credideriut,
1077 4265 1104 4304 v.
1129 4246 1165 4304 ed
1187 4247 1296 4322 Amph.
1320 4248 1369 4318 45,

269 4351 364 4407 totius
386 4348 506 4405 iubricae
529 4349 592 4406 sive
615 4349 730 4407 consilii
752 4353 867 4427 primus
885 4354 988 4406 unctor
1011 4353 1041 4404 et
1062 4351 1208 4421 inventor,
1231 4349 1269 4407 oi.
1282 4347 1370 4408 Poen.
