2982 5020
235 441 296 503 356
726 437 875 493 Poenulus.

233 647 282 690 me
314 629 394 690 Csm.
425 659 464 672 -
499 633 588 691 1267.
626 633 815 692 Artissimnm
846 631 1035 692 brsehiorum
1064 635 1248 710 complexum
1279 655 1345 696 con·

233 741 321 812 parat
343 753 408 792 eum
430 749 544 806 nertw,
578 735 613 792 cf.
638 735 720 794 Asin.
748 735 818 792 544.
850 761 891 774 -
923 737 1013 794 1268.
1048 730 1146 812 diffisa
1168 731 1284 813 diffisis,
1314 739 1345 797 ei.

234 836 342 896 Pseud.
358 837 448 896 1016.
473 867 515 876 -
541 839 630 896 1269.
654 835 749 916 Gepp.
773 837 871 896 hiatus
895 857 984 896 erues
1012 839 1089 910 ,Cur
1111 841 1184 898 estis
1207 837 1345 916 nurnero“,

233 939 285 998 sed
304 939 385 998 Fest.
404 961 433 1016 p.
450 941 524 998 17οε
552 940 626 1012 ,Qui
649 959 751 998 exesm
775 959 897 1000 numero
920 943 992 998 estis
1016 944 1124 1000 mortui
1148 941 1204 1000 hoe
1226 944 1347 1020 exemplo

202 1049 268 1100 ‘ut
294 1043 474 1118 pingeretis,
510 1043 529 1100 i.
554 1062 579 1102 e.
609 1061 662 1102 eur
690 1045 748 1102 nito
782 1043 892 1102 mortni
926 1039 1035 1116 eetie“;
1069 1045 1171 1121 itaque
1204 1037 1347 1119 Quidnam

233 1145 349 1220 scripsi.
373 1174 415 1183 -
445 1139 502 1203 hoc
524 1140 663 1220 extenplo
685 1147 720 1218 A,
744 1147 764 1204 i.
789 1165 814 1202 a.
840 1145 877 1202 sd
902 1145 956 1202 hoc
979 1147 1154 1223 exemptum,
1178 1149 1285 1206 omisso
1305 1147 1348 1204 ob·

233 1248 319 1306 ieete.
364 1245 475 1324 Gspp.:
507 1248 580 1320 ,hoe
602 1248 769 1326 exemplum
792 1253 826 1306 ut
848 1245 1044 1326 pingeretist“
1071 1267 1173 1308 verum
1196 1249 1349 1327 exemplum

233 1371 293 1410 non
315 1351 466 1427 pingitur,
489 1349 540 1408 sed
563 1353 683 1428 petitur.
708 1381 749 1390 -
778 1365 909 1410 numero
931 1357 977 1408 est
999 1352 1086 1409 nimis
1109 1359 1242 1426 mature,
1272 1375 1296 1411 r.
1318 1351 1350 1410 sd

233 1453 340 1532 Amph.
368 1455 436 1512 177.
488 1451 644 1512 structure
672 1473 731 1512 non
759 1473 882 1530 prorsus
905 1459 1053 1512 accurate.
1104 1453 1231 1528 Vellem,
1254 1457 1350 1532 inquit,

233 1575 285 1614 voe
313 1555 445 1614 nondum
472 1563 605 1614 mortuos
634 1575 713 1628 esse,
748 1561 781 1613 ut
810 1563 899 1630 cett,
934 1557 970 1614 ci.
995 1555 1080 1634 Cept.
1106 1559 1184 1618 595:
1223 1557 1352 1631 ,crucior

232 1659 361 1736 lapidem
393 1677 452 1716 non
474 1657 582 1717 habere
605 1678 665 1730 me,
698 1664 731 1716 ut
760 1659 805 1717 illi
829 1661 983 1732 mastigiae
1008 1659 1161 1719 cerebrum
1184 1659 1351 1718 excutiam“.

234 1761 334 1820 Madv.
360 1761 397 1818 sd
416 1760 477 1819 Cin.
495 1759 561 1818 Fin.
582 1761 631 1834 IV,
657 1762 705 1834 28,
726 1762 774 1820 37.
810 1761 915 1820 Kineh.
929 1761 1039 1832 Quest.
1058 1762 1193 1822 Curtian.
1214 1783 1243 1838 p.
1264 1765 1354 1839 58sq.

322 1865 403 1923 1272
426 1883 490 1940 sqq.
514 1862 658 1922 trochaici
681 1865 853 1940 septenarii.
881 1893 920 1902 -
941 1878 1074 1940 myrtae
1095 1861 1232 1941 madiae,
1266 1865 1354 1942 Gepp.

237 1987 391 2043 ,magnam
415 1961 572 2042 gratism“‚
607 1965 658 2024 sad
688 1968 825 2042 antiquos
853 1969 943 2024 etism
973 1967 1046 2026 illud
1069 1967 1194 2040 dixisse,
1227 1969 1355 2044 quamvis

232 2075 322 2146 neget
338 2069 470 2144 Langen.
490 2067 580 2126 Beitr.
601 2089 630 2146 p.
654 2071 687 2126 11
715 2089 790 2146 sqq.,
814 2071 1000 2128 etiamnunc
1023 2071 1122 2142 credo,
1146 2093 1173 2130 v.
1193 2069 1230 2129 ad
1254 2070 1355 2146 Amph.

236 2173 311 2244 179,
346 2171 414 2230 add.
438 2171 505 2230 Ter.
528 2170 622 2228 Andr.
648 2173 725 2230 77οε
763 2171 827 2243 „dis
857 2173 906 2248 pol
935 2171 1029 2230 habeo
1051 2171 1196 2248 gratias“.
1242 2172 1356 2232 Pherm.

235 2276 310 2333 894:
348 2274 420 2346 „Dis
449 2293 569 2350 magnes
598 2277 704 2332 merito
734 2274 847 2350 gratias
874 2273 969 2332 habeo
999 2281 1089 2351 etque
1122 2273 1209 2352 ago“.
1265 2275 1356 2333 Plsnt
1479 2339 1480 2346 ,

233 2377 314 2435 Pers.
340 2379 410 2436 754.
457 2375 521 2435 Liv.
545 2375 658 2452 XXIV,
689 2378 748 2452 37,
778 2379 806 2434 7.
851 2375 916 2435 val.
939 2375 1020 2435 Max.
1044 2377 1085 2450 V,
1116 2381 1148 2449 6,
1181 2385 1239 2436 ext.
1264 2381 1292 2436 2.
1322 2407 1356 2418 -

237 2481 327 2539 1273.
352 2473 473 2538 laetitia
497 2473 661 2552 adfecistis
684 2485 739 2538 eet.
763 2477 798 2536 A.
823 2509 865 2519 -
895 2481 974 2538 1275
999 2499 1035 2537 ex
1060 2481 1141 2540 1134
1165 2483 1311 2557 repetitus
1332 2487 1360 2538 et

234 2585 297 2644 sine
321 2581 411 2640 dubio
433 2583 561 2658 spurius.
586 2611 627 2622 -
652 2583 743 2640 1276.
767 2575 918 2640 maneria
940 2582 976 2641 A.
995 2611 1036 2622 -
1063 2585 1154 2642 1277.
1179 2579 1274 2642 dotis.
1308 2583 1359 2642 Re
1478 2643 1479 2660 ,

234 2688 423 2744 stitutionem
451 2684 597 2743 bonorum
626 2691 657 2742 et
686 2684 883 2742 hereditatem
912 2689 939 2743 ei
970 2687 1151 2762 promiserat
1183 2688 1264 2745 1080
1287 2705 1359 2762 sqq,

235 2789 315 2846 dotis
338 2787 413 2846 nihil
435 2788 622 2862 promiserat,
647 2807 739 2863 quere
763 2807 822 2845 non
845 2789 954 2846 iniuria
974 2785 1117 2865 Geppert.
1136 2787 1221 2845 stud.
1240 2787 1255 2845 I
1274 2809 1304 2865 p.
1324 2792 1358 2846 75

234 2910 280 2949 vv.
308 2891 474 2948 1278-77
498 2891 615 2966 spurios
638 2894 749 2948 censet.

323 2995 413 3051 1278.
435 2992 669 3051 Antsmoenides
692 2993 754 3050 exit
776 3011 811 3050 ex
829 2992 945 3050 lenonis
965 2992 1080 3052 sedibus
1096 2993 1197 3052 furore
1216 2996 1361 3052 incensus.

234 3092 395 3153 Ludifiesri
419 3097 495 3153 enim
523 3115 554 3152 se
584 3099 684 3154 censet
706 3115 723 3152 a
745 3094 867 3166 lenone,
903 3098 954 3170 qui
978 3117 1009 3154 aa
1042 3097 1080 3154 ad
1108 3095 1266 3173 prandium
1289 3099 1362 3154 invi·
1477 3065 1478 3092 4

234 3203 328 3256 tasset
358 3203 402 3269 et,
432 3203 467 3254 nt
496 3199 635 3256 convivae
663 3203 826 3274 quereret,
863 3197 976 3256 abisset
1004 3191 1109 3274 (614),
1146 3197 1199 3255 sed
1234 3198 1361 3256 nondum

234 3289 371 3359 redisset.
416 3299 470 3357 Ille
501 3301 620 3376 quidem
650 3301 722 3358 furti
752 3301 902 3358 manifesti
924 3321 993 3359 rens
1015 3300 1053 3358 ad
1076 3302 1185 3358 amieos
1207 3303 1362 3360 consulen-

235 3404 288 3462 dos
312 3403 429 3462 abierat
451 3396 552 3477 (703).
599 3397 726 3462 Menam
749 3404 776 3460 ei
798 3403 882 3462 miles
906 3403 1032 3460 dederat
1054 3396 1151 3480 (467),
1180 3408 1214 3460 nt
1235 3407 1362 3476 gretiam

234 3509 297 3564 eins
327 3507 513 3576 conciliaret,
548 3506 607 3562 iem
637 3507 775 3564 emissam
804 3506 907 3563 uleisei
937 3506 1010 3564 vult.
1040 3535 1083 3544 -
1113 3507 1203 3564 1279.
1238 3519 1363 3565 scurrae

233 3607 313 3667 Cam.
327 3627 393 3680 am,
417 3608 452 3665 ef.
467 3609 538 3665 611.
553 3635 595 3646 -
616 3609 706 3666 1281.
734 3608 845 3680 „Foras
865 3609 929 3686 ipse
948 3608 1041 3666 abiit“
1057 3608 1151 3685 Gepp.
1170 3635 1212 3648 -·
1230 3603 1364 3666 ultimi

234 3710 312 3786 edd,
336 3711 372 3768 cf.
388 3711 426 3768 ed
438 3711 522 3769 Asin.
538 3709 608 3768 262.
632 3739 674 3748 -
701 3712 791 3770 1283.
818 3705 882 3770 Pro
904 3705 1024 3770 maiore
1045 3712 1081 3768 A.
1105 3739 1147 3750 -·-
1173 3710 1254 3768 1284
1279 3709 1362 3768 effert

234 3811 376 3871 Priseien.
400 3811 444 3869 111
467 3831 496 3888 p.
522 3813 593 3872 615.
653 3805 709 3871 Sic
732 3809 853 3886 dederO,
879 3814 920 3872 sie
944 3815 1095 3872 inimicum
1117 3813 1251 3885 ulciscar,
1275 3832 1303 3870 v.
1326 3810 1362 3869 ad

234 3918 317 3974 Asin.
332 3917 404 3974 436.
416 3943 459 3954 -
477 3915 567 3982 1284.
583 3911 770 3991 68759670,81.
785 3917 854 3974 101.
889 3928 960 3974 aere
970 3910 1113 3988 militari,
1127 3935 1154 3973 v.
1164 3913 1202 3974 ad
1213 3915 1281 3972 Aul.
1293 3916 1360 3974 518.

234 4019 322 4077 Miles
345 4038 437 4094 quum
459 4017 643 4096 stipendium
667 4019 703 4076 ab
727 4037 771 4091 eo,
797 4021 844 4078 oui
867 4017 1045 4076 attributum
1067 4025 1128 4084 est,
1157 4037 1217 4076 non
1245 4018 1360 4094 resipit,

234 4125 343 4198 pignus
366 4123 455 4197 cepit.
501 4119 549 4178 Sic
572 4137 641 4195 ego,
667 4121 777 4197 inquit,
809 4140 862 4197 pro
884 4119 1013 4195 prandio
1037 4119 1110 4177 mihi
1131 4121 1294 4197 promisso,
1318 4119 1361 4176 vel

235 4225 338 4281 saltem
361 4242 417 4302 pro
439 4224 553 4280 msiore
576 4225 640 4280 eius
661 4229 747 4300 parte
770 4224 878 4300 pignus
901 4223 975 4298 cepi.
1000 4251 1041 4262 -·
1067 4224 1158 4282 1285.
1182 4235 1271 4299 quem
1294 4221 1361 4279 olim

236 4345 307 4398 em.;
331 4327 443 4384 ironice
461 4325 604 4402 loquitur.
624 4355 666 4364 -
687 4327 777 4385 1287.
801 4321 892 4385 illam
916 4325 1012 4384 totam
1033 4317 1148 4398 faciam
1169 4329 1247 4396 cett,
1272 4323 1308 4383 cf.
1327 4322 1362 4381 sd
1473 4395 1474 4398 Ἴ
