2960 5000
591 454 741 510 Poenulus.

524 643 811 728 Aporaatocles

705 752 839 836 largis?

581 889 758 972 Milphio

807 998 923 1064 Taceo.

523 1141 812 1224 Aporaaloclca

897 1247 941 1312 At
963 1253 1121 1332 perpetuo
1145 1247 1231 1312 uolo.

582 1356 758 1438 Milphio

95 1465 294 1544 Enimuero,
318 1485 383 1544 ere,
407 1486 479 1531 mcc
502 1485 554 1530 me
576 1465 712 1531 lacessis
734 1465 814 1531 ludo
837 1471 871 1530 et
894 1463 1028 1529 delicias
1050 1462 1142 1528 facia.

533 1599 807 1666 Anterastilis

97 1709 194 1776 Satis
218 1731 306 1776 nunc
327 1709 436 1794 lepide
461 1717 610 1774 ornatam
633 1709 742 1788 credo,
765 1730 867 1787 soror,
892 1716 924 1774 te
947 1708 1008 1773 tibi
1030 1708 1180 1786 uiderim,

97 1818 166 1884 Sed
188 1817 248 1883 nbi
265 1819 415 1901 exempla
433 1817 640 1882 conferentur
651 1819 859 1882 meretricum
878 1817 1025 1894 aliarum,
1044 1817 1090 1882 ibi
1103 1816 1163 1882 tibi
1181 1833 1234 1886 299

96 1927 176 1992 Erit
201 1925 391 2005 cordolium,
416 1928 444 1992 si
467 1946 565 2009 quam
589 1931 739 1990 ornatam
762 1927 877 1991 melius
900 1923 985 1990 forte
1008 1925 1210 2009 adspexerie.

524 2063 817 2143 Adelphasium

100 2171 240 2236 Inuidia
256 2172 289 2236 in
307 2191 549 2255 menumquam
561 2172 677 2236 innata
689 2179 747 2250 est,
766 2193 872 2256 neque
886 2170 1021 2250 malitia,
1039 2191 1112 2236 meu
1125 2192 1233 2235 soror:

99 2279 198 2345 Bono
219 2280 295 2344 med
316 2301 387 2346 aeae
412 2281 540 2363 ingenio
563 2287 714 2344 ornatum
739 2301 837 2364 quam
857 2299 947 2359 auro,
970 2279 1074 2344 multo
1091 2278 1231 2344 mauolo.

101 2389 231 2453 Aurum
255 2385 389 2454 fortuna
410 2389 586 2468 inuenitur,
609 2395 729 2452 natura
751 2389 917 2470 ingenium
940 2385 1071 2452 bonum.

101 2496 233 2580 Bonam
256 2517 317 2578 ego
341 2517 439 2579 quam
462 2496 594 2561 beatam
619 2517 670 2561 me
693 2519 763 2562 osae
786 2497 887 2562 nimio
913 2495 977 2560 dici
1001 2495 1141 2574 mau010‚
1181 2511 1235 2564 900

99 2604 312 2670 Meretricem
335 2605 493 2689 pudorem
517 2625 630 2687 gerere
653 2607 758 2687 magis
782 2603 876 2669 decet
899 2625 998 2687 quam
1023 2624 1211 2687 purpuram.

101 2713 292 2798 [Magisque
315 2716 520 2802 meretricem
549 2714 723 2796 pudorem,
754 2733 853 2797 quam
879 2733 995 2776 aurum
1018 2732 1132 2794 gerere
1156 2731 1233 2776 con-

875 2818 994 2904 decet]

102 2929 259 2996 Pulcrum
282 2937 434 2996 ornatum
456 2937 570 3013 turpes
595 2951 701 2995 mores
724 2931 818 3014 peius
842 2949 943 2994 caeno
967 2930 1151 3008 conlinunt3

105 3037 224 3122 Lepidi
248 3059 355 3105 mores
377 3045 506 3122 turpem
531 3045 681 3105 ornatum
705 3037 802 3103 facile
825 3037 921 3103 lactis
945 3037 1160 3121 conprobant.

523 3174 813 3258 Aporcatoclca

105 3281 177 3348 Eho
200 3291 247 3366 tu,
270 3285 327 3348 uin
349 3291 386 3349 tn
408 3284 535 3349 facinus
558 3282 667 3349 lacere
689 3283 834 3368 lepidum
857 3289 891 3348 et
912 3281 1088 3348 foetiuoml

582 3419 759 3502 Milphio

879 3529 882 3536 '
1069 3527 1162 3594 Uolo.
1181 3543 1235 3598 uuo

523 3659 812 3743 Aporasloclea

108 3767 204 3834 Potin
228 3789 262 3834 es
285 3768 366 3833 mihi
388 3768 600 3840 auscultare?

174 3992 225 4046 292
242 3991 338 4060 perdia
407 3991 459 4044 299
476 4005 542 4044 aare
613 3989 743 4044 lanceari·
818 3990 869 4043 999
887 3987 1073 4042 conferuntur
1141 4003 1230 4040 mere·

107 4077 218 4132 tricimn
238 4075 261 4130 0
328 4077 379 4130 298
395 4091 440 4129 me
460 4092 520 4130 eane
537 4075 653 4144 ingenio
671 4075 704 4144 A,
724 4091 769 4129 me
786 4075 900 4144 ingenio
920 4090 981 4128 eme
999 4072 1035 4142 Β,
1053 4073 1170 4140 ingenio
1188 4089 1233 4125 me

109 4177 168 4217 eree
187 4161 210 4217 0
311 4163 362 4216 299
379 4161 486 4216 Aurum
505 4161 534 4214 in
551 4159 609 4228 Bc,
628 4165 734 4216 Aurum
754 4161 781 4214 id
801 4161 827 4213 A
928 4161 979 4214 900
996 4159 1105 4213 decima
1123 4158 1188 4212 uolo
1205 4155 1233 4211 B

109 4248 155 4301 901
173 4249 303 4316 procimo
316 4249 462 4316 postponit
478 4245 504 4300 A
578 4247 629 4302 902
646 4247 737 4316 Magis
756 4247 817 4316 quit
834 4245 869 4314 Β,
888 4246 980 4315 Megia
998 4245 1065 4314 quid
1087 4241 1111 4301 0
1182 4245 1236 4298 906

108 4329 229 4388 Potesne
299 4333 451 4388 auscultari
468 4331 497 4386 B
