2954 5002
245 1453 493 1522 PSEUDOLUS
518 1454 690 1522 SERUOS.
737 1455 976 1521 CALIDORUS
1000 1456 1293 1524 ADULESCENS.

652 1644 879 1710 Pseudolus

207 1750 241 1816 Si
264 1717 304 1817 bx
326 1757 360 1816 te
383 1758 513 1817 tacente
536 1751 606 1816 fieri
630 1773 759 1835 possem
782 1754 911 1830 certior,

206 1859 280 1938 Ere,
304 1881 388 1942 quae
411 1861 562 1925 miseriae
585 1868 618 1925 te
640 1867 709 1925 tam
732 1862 851 1926 misere
874 1871 1050 1938 macerent,

206 1969 353 2049 Duorum
373 1967 480 2033 labori
503 1989 562 2050 ego
585 1969 751 2032 hominum
775 1971 950 2052 parsissem
973 1969 1098 2046 lubens,
1321 1991 1339 2042 5

206 2076 272 2141 Mei
294 2082 327 2140 te
349 2076 486 2158 rogandi
510 2084 543 2142 et
564 2079 608 2141 tis
630 2077 849 2160 respondendi
874 2077 961 2142 mibi.

206 2183 301 2248 Nunc
323 2185 477 2267 quoniam
499 2185 532 2248 id
555 2183 625 2250 fieri
649 2206 714 2250 uon
737 2193 857 2268 potest,
880 2188 1060 2251 necessitas
1087 2201 1089 2204 ’

207 2293 259 2357 Me
282 2293 406 2376 subigit
428 2299 466 2356 ut
488 2299 521 2358 te
544 2295 689 2374 rogitem.
737 2295 911 2378 Responde
933 2295 1029 2358 mihi:

207 2400 292 2478 Quid
316 2401 474 2485 estquod
497 2409 533 2466 tu
557 2404 761 2466 exanimatus
785 2404 850 2467 iam
872 2403 932 2468 hos
954 2404 1075 2467 multos
1099 2401 1168 2466 dies

206 2509 325 2576 Gestae
347 2508 489 2575 tabellas
512 2517 629 2588 tecum,
653 2533 707 2576 eas
730 2511 885 2576 lacrumis
908 2511 992 2576 lauis
1258 2539 1263 2546 ·
1303 2531 1340 2584 10

206 2618 321 2702 Neque
343 2619 393 2683 tui
415 2619 609 2702 participem
632 2619 746 2684 consili
770 2639 965 2702 quemquam
990 2619 1093 2684 lacis?

204 2727 376 2809 Eloquere,
400 2733 437 2790 ut
460 2726 547 2810 quod
571 2747 630 2809 ego
652 2729 763 2792 nescio
788 2727 820 2792 id
843 2735 951 2792 tecum
973 2729 1083 2791 sciam.

657 2857 879 2924 Calidorus

205 2964 326 3030 Misere
349 2968 448 3031 miser
471 2987 554 3046 sum,
578 2965 746 3032 Pseudolo.

652 3097 880 3163 Pseudolus

788 3203 825 3268 Id
850 3213 882 3270 te
906 3204 1053 3288 Iuppiter

205 3311 416 3378 Prohibessit.
744 3313 749 3328 '

659 3421 877 3487 Calidorus

463 3529 552 3594 Nihil
576 3529 638 3595 hoc
660 3529 748 3596 louis
771 3529 812 3594 ad
835 3529 992 3594 iudicium
1016 3530 1155 3607 adtinet3

205 3637 272 3703 Sub
296 3635 432 3702 Ueneris
455 3659 554 3720 reguo
577 3639 709 3720 uapulo‚
733 3660 797 3703 non
822 3637 882 3703 sub
905 3638 1003 3703 Iouis.
1304 3659 1340 3710 15

652 3769 881 3835 Pseudolus

206 3878 300 3944 Licet
322 3900 373 3944 me
395 3878 430 3944 id
453 3879 535 3943 scire
559 3879 636 3960 quid
659 3880 726 3943 sitl·
748 3899 824 3942 nam
846 3885 884 3943 tu
905 3899 956 3942 me
979 3877 1135 3942 antidbao

207 3986 399 4072 Supremum
422 3987 567 4052 habuisti
591 3989 743 4052 comitem
766 3985 911 4051 consiliis
935 3987 1010 4051 tuis.

262 4189 283 4242 Ρ
301 4189 515 4246 PSEUDOLUS
534 4188 674 4245 SERUUS
710 4190 730 4244 Ο
749 4188 958 4246 OALIDORUS
980 4187 1217 4243 ADULESCENS
1236 4187 1265 4242 B

205 4275 469 4331 lmiseriadoetam
478 4275 514 4343 B,
531 4276 737 4330 miseraeamO
781 4275 987 4330 macerantBO
1029 4277 1129 4329 betto
1139 4275 1338 4343 respondendi

207 4364 237 4414 12
255 4361 284 4415 id
302 4378 352 4416 om.
371 4361 398 4414 A
488 4363 519 4416 13
537 4361 683 4430 ipreudole
701 4361 728 4415 B
818 4363 848 4415 16
866 4361 895 4414 id
913 4376 963 4415 om.
983 4361 1010 4414 A
1094 4359 1288 4416 moancidhso
1309 4364 1340 4418 A
