2982 5020
289 465 350 526 292
774 459 923 516 Poenulus.

288 679 340 716 nec
363 675 429 716 eum
451 675 518 735 spes
539 657 641 714 statim
665 661 805 734 concepta
828 655 918 728 fallit,
941 675 1009 715 uam
1028 676 1045 714 a
1062 656 1177 714 nutrice
1196 657 1321 732 agnitus
1342 651 1436 709 filias

285 779 353 818 suas
383 761 530 838 agnosmt,
564 779 618 816 nec
650 759 717 816 leno
750 757 881 836 undique
912 761 1127 818 circumventus
1155 759 1282 816 infitiari
1314 756 1435 815 audet.

285 861 360 920 Tum
386 866 474 938 poter
500 860 592 920 filiam
621 861 723 920 fratris
752 862 814 922 filio
845 861 1026 940 despondet,
1060 867 1090 920 et
1122 881 1215 938 quum
1250 861 1334 918 mala
1374 859 1437 915 ille

286 965 376 1038 fraus,
400 983 459 1042 qua
480 965 639 1042 petebatur
661 964 742 1038 leno,
766 968 824 1022 iarn
847 985 906 1023 noo
929 965 1096 1023 necessarie
1113 966 1173 1042 pit,
1199 963 1437 1040 Agorastocles

284 1066 410 1144 simplici
444 1067 633 1126 restitutione
666 1069 798 1144 pecuniae
833 1088 849 1125 a
883 1068 970 1126 vilico
1011 1071 1138 1142 occepta
1174 1072 1356 1125 contentum
1400 1085 1437 1121 sc

286 1169 348 1230 lore
371 1171 458 1244 dicit;
487 1189 541 1228 uec
563 1168 667 1228 fraude
690 1175 720 1228 et
742 1171 869 1244 malitia,
891 1170 943 1228 sed
965 1171 1035 1250 iure
1052 1176 1083 1226 et
1105 1189 1189 1245 aequo
1213 1169 1320 1228 divina
1343 1189 1434 1246 pro-

287 1273 424 1333 videntia
452 1274 496 1332 vis
519 1278 550 1330 et
571 1273 666 1331 scelus
689 1273 841 1330 ulciscitur
864 1277 894 1330 et
915 1273 1091 1332 innocentia
1113 1275 1281 1350 pietatique
1307 1272 1435 1330 merita

287 1377 409 1456 praemia
430 1377 544 1436 tribuit.

372 1483 583 1556 Argumentum
612 1479 743 1538 ridemus
771 1477 895 1554 simplex
923 1477 1100 1554 minimeque
1123 1478 1323 1554 implicatum,
1364 1497 1435 1535 nec

287 1587 312 1642 si
346 1582 552 1660 quis.fabulae
585 1586 686 1659 partes
720 1602 778 1640 uon
811 1587 870 1638 tam
905 1585 968 1638 erte
1001 1581 1079 1638 iuter
1108 1599 1139 1638 se
1169 1600 1316 1639 connexae
1352 1600 1433 1638 esse

288 1687 412 1756 dixerit,
446 1703 533 1761 quam
557 1683 700 1742 hodierna
722 1705 770 1742 ars
791 1684 940 1759 postulet,
971 1683 1107 1759 equidem
1136 1685 1322 1757 negaverim
1364 1681 1430 1740 sed

288 1789 367 1866 quod
384 1789 504 1846 suerunt
521 1789 572 1864 qui
590 1786 649 1844 dno
667 1785 791 1844 duarum
809 1785 975 1844 fabularum
994 1791 1167 1860 argumenta
1184 1788 1214 1842 in
1231 1805 1322 1844 unum
1346 1805 1432 1844 con-

288 1891 360 1950 flata
393 1910 456 1948 esse
493 1894 649 1967 putarent,
688 1889 900 1948 Reinhsrdtius
940 1891 970 1948 iu
1004 1889 1200 1947 Studemundi
1228 1888 1312 1948 Stud.
1347 1889 1365 1946 I
1393 1909 1430 1964 p.

293 1997 350 2054 109
380 2014 443 2070 sqq.
468 1998 498 2051 et
527 1991 730 2050 Franckeuius
759 1993 789 2050 in
819 1991 1016 2068 Mnemosyne
1044 1993 1104 2050 vol.
1126 1991 1167 2049 IV
1188 2013 1218 2069 p.
1246 1994 1303 2051 146
1334 2011 1430 2068 sqq„

287 2117 342 2156 nec
364 2097 459 2174 patris
487 2095 632 2153 adventus
658 2115 712 2153 nec
740 2096 818 2152 servi
841 2095 963 2153 oonsilio
990 2095 1179 2153 fraudulento
1206 2115 1261 2173 per
1289 2114 1320 2152 sa
1345 2115 1428 2152 eam

289 2202 402 2278 copiam
437 2203 468 2256 et
499 2199 676 2256 varietatem
709 2195 832 2270 habeut,
867 2217 926 2272 qua
954 2197 1061 2254 fahulae
1090 2217 1165 2274 opus
1195 2203 1255 2270 est,
1283 2203 1318 2254 ut
1346 2215 1428 2254 mea
1468 2193 1471 2244 l

288 2302 407 2380 quidem
430 2302 579 2360 sententia
600 2300 724 2358 Plautus
753 2301 1011 2359 contaminationis
1039 2301 1160 2358 erimine
1186 2301 1305 2358 omnino
1336 2299 1425 2358 libe-

289 2405 400 2464 randus
422 2407 469 2463 sit.
522 2403 626 2480 Neque
648 2403 724 2462 haue
745 2403 875 2462 fabulam
898 2403 1049 2479 plerisque
1072 2402 1218 2461 Plautinis
1239 2403 1421 2462 inferiorem
1470 2471 1471 2482 ἵ

290 2508 374 2580 duco,
399 2505 505 2566 nedum
529 2527 594 2566 eum
611 2505 722 2565 Weisio
745 2527 762 2564 e
785 2505 892 2564 Plauto
915 2503 1096 2578 abiudicem;
1119 2507 1208 2563 immo
1232 2507 1306 2562 mira
1328 2505 1417 2562 festi·
1467 2491 1471 2562 i

290 2613 381 2669 vitate
404 2615 433 2668 et
455 2609 606 2668 hilaritate
629 2609 755 2666 excellit.
799 2607 965 2682 Singularis
988 2612 1034 2666 est
1055 2627 1184 2686 persone
1206 2607 1308 2679 Poeni,
1331 2609 1419 2666 unde

290 2733 395 2772 nomeu
417 2711 528 2789 adepta
550 2717 608 2784 est,
642 2711 738 2789 patris
767 2709 832 2768 dieo
855 2728 913 2768 nou
936 2713 1048 2786 pietate
1070 2713 1164 2786 magis
1187 2731 1276 2787 quam
1298 2710 1420 2768 collidi-

290 2821 352 2875 tate
386 2817 416 2873 in
450 2815 608 2890 querendo
640 2815 773 2890 insignis.
829 2811 902 2871 Cum
934 2813 990 2870 hoc
1017 2812 1153 2891 Milphio,
1189 2815 1273 2890 quasi
1301 2813 1420 2872 Punice

291 2919 379 2990 sciat,
408 2917 518 2974 Punice
546 2919 626 2993 loqui
650 2918 769 2994 incipit,
804 2919 834 2972 et
861 2917 1059 2992 interroganti
1081 2915 1153 2975 hero
1175 2915 1301 2992 hospitis
1324 2914 1420 2972 verba
1468 2933 1471 3001 ,¹

289 3021 482 3098 interpretari
505 3025 645 3092 conatur,
669 3018 793 3078 ridicule
815 3017 1039 3076 similitudinem
1066 3019 1214 3095 quandam
1243 3019 1308 3076 eoui
1330 3017 1418 3074 Lati·
1469 3029 1471 3090 A

290 3143 396 3183 norum
424 3122 582 3182 vorborum
611 3127 641 3179 et
662 3121 841 3182 Punicorum
868 3125 994 3180 sectans.
1046 3119 1108 3178 Neo
1129 3119 1184 3180 hec
1207 3120 1346 3179 Plautum
1369 3122 1418 3177 in·

291 3229 406 3288 venisse
428 3227 612 3302 putaverim,
644 3224 695 3282 sed
718 3245 735 3284 a
759 3223 862 3282 Gracc
886 3229 1006 3282 anctore
1028 3223 1226 3296 transtulisse,
1250 3223 1275 3280 si
1292 3221 1416 3298 quidem

294 3329 428 3388 Gnaeum
451 3327 559 3386 febulae
579 3345 685 3386 nomen
697 3327 885 3403 Καρχηδόνιος
902 3325 959 3384 fuit
978 3319 1019 3402 (v.
1035 3317 1099 3400 53).
1146 3325 1285 3384 Auctoris
1308 3345 1418 3383 nomen

292 3433 457 3509 ignoratur,
481 3449 548 3490 uam
571 3449 637 3507 quae
656 3449 693 3489 ex
710 3429 867 3488 Menandri
885 3427 1085 3487 Carchedonio
1108 3433 1227 3487 exstant
1249 3427 1418 3504 fragmenta

294 3555 360 3593 eum
388 3533 443 3592 hac
470 3533 572 3591 fabula
599 3533 674 3592 nihil
697 3552 849 3591 commuue
879 3531 999 3590 hahent.
1055 3530 1192 3604 Plautus,
1227 3537 1262 3588 ut
1288 3531 1415 3595 solebat.

291 3657 399 3696 nomeu
422 3638 558 3709 mutarit,
590 3635 792 3713 Patruumque
814 3633 1095 3712 Pultiphagonidem
1117 3634 1283 3711 appellasse
1305 3634 1417 3692 dieitur

294 3734 336 3817 (v.
362 3736 431 3812 54);
465 3741 647 3817 posteriores
675 3739 711 3797 ad
739 3739 913 3816 primarium
941 3755 1047 3794 nomen
1074 3735 1243 3809 redierunt,
1278 3742 1312 3794 ut
1340 3737 1415 3794 Poe·
1470 3773 1471 3830 ,

295 3841 383 3900 nulus
406 3840 499 3900 fieret.

378 3939 514 4022 Apparet
535 3945 612 4002 enim
634 3943 709 4002 hano
731 3941 862 4002 fabulam
884 3944 991 4021 saepius
1019 3943 1143 4002 relatam
1172 3963 1252 4015 esee,
1287 3944 1413 4020 primum
1470 3955 1471 4014 i

293 4047 376 4106 brevi
405 4053 474 4125 post
501 4045 602 4104 Plauti
629 4052 769 4120 mortem,
800 4065 858 4122 quo
886 4051 1020 4122 tempore
1049 4047 1189 4124 prologus
1220 4045 1337 4104 additus
1359 4052 1411 4102 eet.
1470 4031 1471 4102 l

242 4159 245 4166 ⁴
294 4149 357 4208 Neo
380 4150 438 4207 alia
460 4149 567 4208 desunt
587 4169 642 4227 per
663 4155 756 4208 totam
778 4149 907 4207 fabulam
931 4149 1134 4207 edditameuta
1152 4150 1261 4224 spuria,
1286 4167 1350 4226 qnae
1368 4149 1410 4206 hi·
1470 4163 1471 4200 l

295 4253 459 4310 strionibus
487 4251 589 4311 deberi
618 4253 756 4312 videntur
779 4253 878 4312 Plauti
907 4253 1071 4310 orationem
1101 4252 1288 4310 variantibus
1318 4257 1347 4308 et
1367 4271 1411 4307 re-

294 4355 500 4413 tractantibus.
557 4356 620 4414 Hoc
649 4358 775 4414 maxime
806 4359 836 4412 in
865 4359 999 4412 extreme
1028 4355 1130 4412 fabula
1151 4355 1199 4427 fit,
1235 4355 1285 4412 uhi
1308 4353 1409 4431 duplex
