2940 5008
546 472 578 527 V.
597 422 741 528 405-456.
1134 479 1194 542 333

92 687 213 726 versum
249 667 425 746 Spengelins
458 665 555 727 Plaut.
584 687 614 744 p.
641 669 678 726 23
713 687 757 744 sq.
802 668 930 728 Charino
962 669 1071 730 tribuit
1103 675 1133 728 et
1166 672 1195 728 in

91 771 239 846 proximis
266 789 460 847 personarum
488 773 608 828 nomine
637 771 826 846 permutavit,
856 769 960 846 lilium,
993 791 1053 830 non
1080 777 1196 850 patrem

92 891 155 930 esse
179 892 320 944 censens,
350 875 401 949 qui
423 879 588 950 emptorem
612 873 668 930 sibi
691 871 770 930 haud
792 874 894 951 procul
917 873 1068 933 absentem
1090 880 1197 934 nuters

92 982 122 1032 et
142 976 295 1051 imperare
317 973 426 1051 finget3
448 974 499 1032 sed
522 975 666 1034 eiusmodi
688 992 773 1049 nugae
796 979 876 1052 petri
899 979 1001 1053 potius
1023 995 1110 1052 quum
1129 977 1197 1036 elio

93 1078 295 1149 conveniunt3
320 1075 355 1134 R.
375 1082 442 1134 ente
460 1077 520 1136 426
534 1095 652 1136 versum
667 1077 810 1136 excidisse
828 1081 949 1138 censuit.
974 1107 1015 1118 -
1037 1079 1108 1138 426.
1130 1073 1197 1154 Quo

92 1175 196 1238 ontis
209 1172 264 1238 le?
286 1181 399 1255 scripsi,
412 1199 478 1238 nem
492 1180 607 1238 obiecto
620 1199 696 1256 segre
708 1199 802 1238 cerco.
834 1179 923 1239 Pater
934 1179 1030 1239 tribus
1048 1183 1135 1242 minis
1147 1183 1197 1241 ad·

92 1281 164 1340 ditis
193 1302 279 1342 suam
302 1284 360 1339 iem
383 1287 483 1358 sperat
505 1283 660 1340 victorium
684 1301 756 1353 esse,
781 1301 813 1340 66
836 1303 872 1340 66
894 1281 973 1342 lilius
995 1284 1109 1343 vultum
1130 1287 1197 1344 irri-

94 1383 193 1444 dentis
218 1385 393 1462 conspiciet,
417 1403 448 1442 se
466 1386 584 1443 avertit.
621 1383 698 1442 Filio
721 1403 837 1442 causam
860 1387 1003 1461 quaerenti
1025 1388 1196 1464 respondet,

93 1487 174 1564 quod
198 1493 263 1546 tum
286 1485 403 1546 demum
427 1489 453 1544 ei
476 1489 506 1545 in
533 1493 661 1546 mentem
684 1490 775 1558 veuit,
806 1487 842 1546 do
871 1489 964 1546 amico
991 1507 1049 1546 non
1073 1492 1195 1548 multum

92 1593 219 1647 remoto.
252 1618 294 1628 —
323 1589 394 1647 427.
417 1581 508 1648 Inbel
534 1610 589 1667 pro
621 1589 735 1648 duabus
764 1589 904 1648 brevibus
932 1591 1194 1666 pronuntiandum.

94 1719 131 1732 ·-
157 1693 234 1750 426.
259 1686 293 1750 dl
315 1712 380 1751 cum
402 1691 487 1750 hiatu
509 1692 674 1766 legendum,
699 1712 725 1752 v.
738 1691 855 1768 Proleg.
874 1711 904 1768 p.
918 1693 989 1751 220.
1023 1689 1195 1770 infelicent,

93 1814 121 1850 r.
145 1793 185 1852 cd
208 1793 298 1871 Epid.
326 1796 373 1853 14.
397 1823 434 1836 -
461 1795 531 1854 429.
558 1791 666 1868 „mihi“
692 1794 809 1853 dativus
839 1793 953 1854 ethicus
981 1815 1085 1873 parum
1109 1802 1196 1875 aptus

94 1901 153 1968 est;
184 1896 267 1956 aliud
290 1899 381 1955 fuisse
403 1897 530 1969 videtur,
555 1898 612 1956 nisi
636 1897 733 1970 fallor,
760 1891 865 1956 minis.
901 1896 973 1956 Post
995 1900 1194 1976 parenthesin,

95 1997 132 2054 de
144 2019 210 2076 qua
217 2020 245 2057 v.
259 1999 296 2058 ed
308 1999 389 2058 Asin.
404 2001 474 2072 761,
493 1995 663 2058 commodis
675 1999 759 2057 addit
770 1999 898 2073 eugendi
909 2021 1005 2074 66666,
1024 2023 1051 2060 v.
1065 2002 1101 2060 ed
1113 2003 1195 2062 Asin.

97 2102 168 2158 718.
193 2131 232 2140 —
250 2103 322 2160 430.
338 2098 446 2178 poscit
461 2121 527 2160 curn
545 2101 677 2160 ablativo
694 2103 794 2178 pretii,
819 2101 855 2160 cf.
873 2105 943 2161 462.
979 2102 1069 2163 Stich.
1089 2107 1148 2164 226
1166 2113 1197 2164 et

94 2204 187 2278 paulo
205 2205 292 2262 aliter
303 2203 362 2263 Cic.
375 2205 459 2264 Verr.
472 2205 496 2276 I,
509 2205 558 2276 26,
573 2206 622 2262 66.
645 2203 719 2263 Hor.
733 2203 787 2264 Od.
806 2205 827 2277 l,
841 2207 870 2277 4,
887 2207 934 2264 12.
953 2234 996 2245 -
1012 2207 1084 2266 433.
1100 2201 1197 2268 Polin

94 2305 130 2363 nl
149 2321 199 2379 ne,
228 2327 256 2366 v.
286 2307 322 2364 ad
350 2307 438 2384 Epid.
463 2309 512 2365 66.
553 2301 672 2366 licitere
701 2306 780 2364 Cam.
809 2303 871 2366 ntel
899 2307 967 2366 edd.
991 2306 1131 2382 Scaliger.
1154 2339 1197 2350 -

96 2409 168 2468 434.
192 2403 246 2468 Ito
268 2412 424 2486 sequentis
446 2415 570 2485 spectet,
594 2429 622 2468 v.
646 2408 684 2467 ad
707 2408 771 2467 Mil.
787 2409 857 2467 207.
882 2437 924 2450 -··
945 2411 1017 2469 436.
1045 2404 1144 2486 Certe,
1167 2435 1194 2472 v.

96 2511 133 2569 nd
164 2511 243 2572 Men.
269 2513 339 2570 280.
363 2541 405 2551 -
427 2506 582 2588 essllellm,
612 2531 640 2570 v.
666 2512 704 2570 ad
725 2511 832 2590 Amph.
858 2513 927 2600 513.
952 2541 994 2554 -
1016 2515 1088 2572 437.
1111 2511 1141 2572 sl
1163 2515 1196 2574 ln

97 2609 189 2688 scos,
224 2637 251 2674 v.
276 2616 314 2673 ad
339 2617 408 2674 295.
431 2645 473 2654 -
496 2615 566 2674 440.
597 2608 701 2674 istane
726 2629 800 2688 rem,
835 2620 869 2672 ut
897 2634 962 2672 cum
995 2615 1077 2674 lucro
1107 2636 1194 2692 qnam

97 2718 222 2776 maximo
244 2723 362 2789 veneat,
385 2737 443 2794 qno
466 2737 524 2776 non
547 2717 698 2776 intellecto
721 2716 805 2775 Mun.
830 2715 950 2776 Nachtr.
973 2737 1002 2795 p.
1016 2718 1055 2775 30
1078 2737 1195 2778 versum

97 2839 151 2895 pro
179 2823 281 2896 spurio
314 2819 426 2878 habuit.
462 2847 499 2859 -·
538 2815 621 2896 Quid
649 2813 723 2879 ele?
759 2817 869 2893 Dousa,
898 2837 925 2878 v.
950 2819 988 2877 ad
1019 2819 1098 2878 Men.
1123 2822 1195 2880 314.

96 2919 185 2980 Nora·
201 2921 414 3000 impedimenta
430 2924 545 2980 invenit
561 2921 649 2996 filius,
674 2942 711 2980 ns
728 2921 836 2980 ancille
859 2927 974 2982 veneat.
998 2951 1035 2962 -·
1054 2923 1113 2981 441
1139 2943 1194 2983 em.

97 3023 256 3084 Acidnlius.
297 3023 376 3083 Filio
398 3045 430 3082 se
452 3025 534 3082 illam
557 3043 615 3084 non
637 3026 785 3102 mancipio
808 3026 956 3102 accepisse
978 3023 1089 3084 dicenti
1109 3032 1196 3104 pater

98 3129 253 3201 nugatorie
284 3127 457 3202 respondet,
487 3126 543 3186 hoc
573 3127 659 3186 nihili
682 3147 754 3198 esse,
783 3132 947 3204 emptorem
976 3127 1069 3186 nihilo
1098 3131 1194 3189 minue

99 3231 244 3308 mancipio
265 3234 465 3306 accepturum.
500 3222 588 3302 Sine,
608 3251 635 3288 v.
654 3229 691 3288 ad
708 3229 813 3289 Bacch.
828 3231 876 3288 97.
890 3259 932 3270 -·
943 3231 1013 3289 446.
1038 3226 1074 3289 ln
1089 3247 1193 3306 mann,

99 3351 124 3389 r.
147 3332 185 3390 cd
207 3331 315 3409 Amph.
341 3332 411 3389 560.
441 3361 481 3371 -
509 3332 579 3390 447.
610 3331 645 3390 Id
674 3331 755 3408 quod
783 3331 928 3410 Demipho
957 3335 1194 3410 interrogaturus

99 3439 149 3506 est,
172 3436 309 3511 sequitur
330 3455 358 3492 v.
375 3435 447 3492 450.
480 3433 575 3494 Filius
597 3437 684 3506 enim,
709 3437 793 3511 qussi
814 3439 901 3512 pater
922 3455 982 3494 non
1004 3455 1110 3496 novam
1133 3457 1194 3496 rem

100 3536 241 3594 allaturus
269 3536 317 3610 eit,
345 3536 396 3594 sed
424 3535 505 3594 dictu
532 3540 697 3594 accuratius
720 3537 859 3613 explicari
882 3537 964 3609 velit,
994 3558 1047 3597 666
1075 3541 1193 3616 repetit.

99 3653 165 3697 nnn
187 3632 252 3698 elio
275 3637 474 3710 Camerarius;
505 3638 539 3696 R.
563 3639 714 3698 licentius:
752 3639 895 3712 „Quicum
922 3639 995 3698 mibi
1018 3644 1195 3700 communiet

100 3741 156 3816 illa,
184 3745 210 3800 is
238 3741 285 3798 hic
315 3760 393 3798 nuuc
414 3761 473 3800 non
496 3738 610 3799 adest“.
645 3771 687 3782 -
720 3743 791 3800 448.
818 3735 917 3800 Pnlns
940 3741 975 3800 ln
1003 3739 1080 3801 enne
1102 3757 1195 3820 qnam

99 3841 212 3916 nend03
243 3843 280 3901 de
308 3844 417 3902 omisso
443 3839 534 3919 „ego“
561 3865 587 3902 v.
612 3843 649 3902 od
673 3843 759 3921 Epid.
785 3844 855 3902 351.
887 3873 930 3882 —
958 3845 1019 3902 450
1043 3863 1085 3920 sq.
1110 3865 1145 3903 ex
1167 3847 1194 3903 A

99 3947 238 4018 restituti,
268 3946 325 4003 nisi
354 3944 434 4022 quod
463 3947 492 4002 in
522 3947 668 4022 principio
694 3940 777 4020 Qnt'd
797 3951 965 4004 ceterorum
987 3945 1072 4004 codd.
1096 3949 1194 4024 aptius

99 4046 257 4108 Ritschelio
280 4049 374 4105 visum
397 4053 456 4120 ast;
479 4050 509 4105 in
532 4047 674 4106 Palatinis
696 4048 782 4107 codd.
804 4051 919 4107 omissis
941 4049 1047 4106 mediis
1068 4055 1194 4126 uterque

100 4167 198 4208 versus
221 4151 251 4208 in
274 4169 364 4207 unum
387 4149 532 4208 conflatus
555 4157 608 4208 est.
633 4181 674 4190 —
696 4145 748 4209 ille¹
771 4147 926 4226 quoidam,
952 4151 986 4209 cf.
1001 4150 1107 4228 Amph.
1122 4153 1193 4211 615.

101 4249 176 4310 Trin.
202 4253 272 4310 342.
313 4251 479 4310 eistete.
514 4251 741 4326 Cie.verr.11,
768 4253 815 4326 14,
840 4254 888 4312 36.
924 4253 1026 4311 Sanco.
1049 4253 1119 4312 Ben.
1143 4253 1194 4327 lv,

103 4353 148 4428 37,
171 4356 198 4414 2.
231 4351 298 4412 Ter.
315 4353 409 4413 Andr.
430 4355 504 4412 314:
538 4353 586 4426 ,id
609 4350 753 4432 eliquid“.
777 4383 815 4396 -
840 4356 911 4415 453.
940 4349 1137 4416 Certumnest
1157 4359 1192 4416 Δ.
