2960 5000
69 460 108 525 11,
132 464 243 516 11-30
575 457 722 512 Poenulus.

69 652 121 715 Eo
149 659 255 734 paeto
279 671 401 714 auaraa
424 648 545 714 Ueneri
568 648 678 731 pulcre
703 648 769 712 adii
792 669 934 713 manum.

71 758 226 835 Quando
250 759 292 838 id,
317 757 404 842 quod
429 765 482 820 sat
504 763 584 835 erat,
608 758 687 821 satis
709 756 831 821 habere
854 757 968 837 noluit,

70 867 148 948 Ego
176 889 316 951 pausam
338 865 416 944 feci3
441 866 488 930 sio
512 885 581 946 age,
607 866 654 929 sic
678 885 736 929 me·
752 865 853 929 decet.

71 977 151 1058 Ego
177 977 255 1040 faxo
278 973 419 1059 posthae
443 972 475 1036 di
499 973 644 1054 deaeque
669 975 769 1036 ceteri

71 1083 314 1148 Contentiores
336 1102 430 1163 mage
454 1088 551 1146 arunt
574 1087 672 1163 atque
697 1081 785 1145 auidi
808 1081 924 1158 minus,

72 1192 192 1269 Quom
216 1191 355 1268 soibunt,
380 1189 498 1254 Ueneri
522 1195 559 1254 ut
582 1189 700 1252 adierit
723 1189 796 1253 leno
821 1210 963 1252 manum.
1050 1210 1052 1216 ·

72 1298 255 1381 Condigne
278 1300 450 1381 haruspex,
473 1318 537 1361 non
561 1298 657 1362 homo
680 1296 823 1375 trioboli,

74 1407 248 1472 Omnibus
271 1409 304 1471 in
328 1409 411 1471 extis
434 1406 526 1470 aibat
549 1405 699 1488 portendi
724 1405 802 1468 mihi

73 1515 213 1580 Malum
237 1517 454 1598 damnumque
478 1519 511 1578 et
535 1514 612 1579 deos
636 1535 706 1578 esse
730 1517 833 1578 iratos
857 1512 944 1576 mibi.
1162 1530 1212 1580 465

77 1623 174 1699 Quid
199 1625 229 1688 ei
253 1624 356 1688 diuini
379 1631 436 1688 aut
458 1621 592 1687 humani
615 1643 754 1704 aequom
778 1629 829 1686 est
852 1620 1007 1686 eredere?

76 1732 178 1796 Mina
202 1731 281 1795 mihi
304 1733 432 1812 argenti
456 1731 541 1794 dono
565 1730 697 1814 postilla
720 1730 800 1794 data
823 1737 879 1792 est.

79 1841 151 1905 Sed
177 1861 301 1924 quaeso
324 1839 458 1903 ubinam
482 1839 550 1902 illic
573 1839 694 1902 restitit
718 1838 809 1902 miles
832 1838 937 1913 modu,

80 1948 152 2024 Qui
175 1948 261 2012 hanc
284 1947 360 2012 mihi
385 1948 530 2024 donauit,
555 1967 650 2030 quem
675 1967 734 2028 ego
757 1947 874 2010 uocaui
898 1945 940 2009 ad
964 1943 1158 2028 prandium?

81 2057 154 2122 Sed
178 2078 290 2121 eccum
312 2056 443 2120 incedit.

491 2207 812 2276 Antamoenides

512 2317 564 2382 Ita
586 2323 623 2380 ut
645 2317 757 2398 occepi
781 2315 897 2392 dicere,

83 2428 234 2507 Lenulle,
259 2427 299 2491 de
322 2426 398 2490 illac
420 2444 530 2510 pugna
552 2424 833 2506 ptenanthropica,

83 2537 195 2614 Quom
220 2536 390 2616 sexaginta
412 2534 503 2598 milia
525 2532 691 2597 hominum
714 2553 779 2596 uno
804 2531 856 2596 die

83 2644 316 2710 Uolaticorum
338 2642 488 2707 manibus
512 2640 616 2706 occidi
640 2642 730 2704 meis.

591 2794 720 2877 Lycus

87 2904 318 2969 Uolaticorum
340 2904 529 2969 bominum?

493 3055 808 3121 Antamoenides

566 3163 617 3228 Ita
641 3165 715 3228 dico
740 3163 881 3244 quidem.

593 3318 721 3401 Lycus

90 3433 151 3508 An,
177 3429 323 3506 obsecre,
347 3447 485 3510 usquam
509 3435 585 3490 sunt
607 3427 755 3490 homines
780 3425 936 3490 uolatiai?
1167 3439 1217 3490 475

447 3615 450 3624 '
495 3603 816 3668 Antamoenides

90 3717 209 3792 Fuere,
233 3735 347 3777 uerum
372 3733 430 3793 ego
454 3711 612 3776 interfeci.

161 3919 212 3970 459
231 3933 357 3984 passsam
377 3917 403 3968 A
489 3917 540 3968 460
558 3916 602 3969 dai
622 3915 647 3966 A
732 3917 780 3968 461
802 3913 891 3982 adque
975 3909 1173 3964 auidiuiminus
1192 3911 1217 3961 A

92 4005 143 4056 463
160 4009 226 4070 post
241 4004 294 4058 469
309 4004 389 4070 ponit
407 4001 432 4054 A
511 4003 562 4054 464
581 4002 672 4054 aiebat
691 3999 743 4053 BC
819 4001 870 4052 466
887 3997 962 4050 haud
981 3995 1037 4062 Bo,
1058 4001 1105 4062 atq
1123 3995 1149 4047 A

93 4089 207 4142 humani
228 4106 346 4157 aequom
366 4088 388 4140 si
407 4087 442 4152 B,
462 4087 591 4140 humana
611 4103 672 4138 cnm
694 4087 716 4137 si
737 4085 759 4140 Ο
827 4082 954 4136 crederet
1028 4083 1079 4133 467
1098 4082 1173 4134 dona
1192 4080 1218 4132 B

93 4177 145 4228 470
162 4171 440 4227 ANTAMONEDES
460 4172 482 4226 0
545 4175 593 4224 471
614 4171 710 4225 lenull.
731 4171 766 4234 A,
785 4170 926 4222 Lennutte
944 4167 979 4235 B,
998 4167 1119 4220 Lenutte
1139 4165 1161 4219 0

94 4261 290 4328 pentetronica
382 4261 433 4311 472
452 4257 512 4325 Quo
530 4256 582 4310 Bc
671 4255 747 4308 milia
766 4251 859 4308 orn-0
950 4255 1000 4307 473
1020 4251 1173 4305 occidimus
1192 4249 1220 4304 B

94 4349 145 4399 474
164 4345 188 4398 Ε
208 4345 390 4397 uolatieorum
402 4341 439 4408 B,
458 4344 534 4410 lycus
554 4340 765 4394 euolaticortIO
820 4338 938 4392 deicoA
996 4338 1046 4392 475
1066 4335 1223 4392 uiatiuiBO
