2940 5008
541 457 573 508 v.
592 456 736 509 uae-reu
782 523 784 526 ¹
1122 456 1182 520 345

77 650 116 720 Π,
154 651 232 708 341:
271 647 405 722 „Debent
432 651 570 708 nimirum
593 669 652 708 666
676 649 810 708 omuibus
831 651 929 708 omniu
950 669 1088 727 prorsum
1110 649 1184 709 Esse

76 753 150 829 pari
174 751 225 810 filo
248 753 395 828 similique
417 751 533 811 adfecta
555 749 680 828 figura“.
721 751 771 824 IV,
796 753 850 810 86:
888 746 1056 827 „(Vestigia
1078 753 1183 811 forma·

77 851 163 925 rum)
188 855 291 912 subtili
313 855 450 931 praedita
473 851 553 913 lilo“.
598 852 673 912 Gall.
698 854 721 926 Ῑ,
746 855 773 924 9,
798 857 830 913 2:
869 875 982 928 „mores
1004 862 1184 932 asturesque

76 957 236 1015 hominum
261 955 297 1014 de
326 959 388 1014 oris
416 963 448 1015 et
469 957 570 1015 vultus
599 958 718 1032 ingenio
741 957 836 1034 deque
865 959 958 1016 totius
981 961 1111 1036 corporis
1132 957 1184 1016 616

77 1063 175 1134 atque
199 1057 304 1116 habitu
327 1054 502 1116 sciscitari“.
544 1057 622 1131 xlv,
648 1060 675 1132 4,
701 1060 735 1116 2:
774 1061 887 1130 ,forma
909 1065 999 1137 atque
1021 1058 1071 1117 filo
1093 1062 1183 1134 virgi·

76 1156 176 1220 nali“.
222 1160 332 1239 Appul.
356 1160 428 1219 Met.
451 1160 501 1232 IV,
527 1162 581 1220 23:
614 1163 776 1236 ,virginem
800 1160 848 1220 filo
871 1163 1021 1219 liberalem
1052 1181 1183 1220 666661-

76 1269 193 1321 166566
230 1264 294 1321 eius
323 1260 483 1338 regionis“.
529 1258 652 1335 scitum,
687 1263 721 1322 cf.
748 1265 817 1322 746.
864 1264 949 1336 Quod
971 1264 1006 1322 R.
1030 1263 1185 1322 substituit

80 1362 252 1442 „spissum“
289 1384 393 1440 parum
427 1366 535 1443 placet.
563 1395 604 1408 ··-·
633 1365 705 1425 anet
730 1365 765 1425 B.
795 1385 830 1424 ex
858 1365 893 1437 Ο,
929 1368 995 1426 coll.
1030 1368 1185 1426 Philoxeni

76 1468 190 1541 gloss:
225 1467 331 1541 „Anat
352 1465 456 1544 yqqd“.
490 1456 849 1546 9166666660611666.
873 1471 937 1528 init.
960 1499 1002 1510 -
1027 1472 1096 1529 745.
1121 1466 1184 1529 dic·

75 1569 197 1641 6664668,
223 1569 258 1628 61.
283 1571 351 1630 189.
374 1599 417 1610 -·
442 1571 511 1629 746.
539 1566 647 1642 ,6666“
673 1571 729 1628 del.
754 1569 888 1645 Guietus,
916 1569 1058 1648 „opinor“
1085 1571 1120 1632 R.
1143 1601 1184 1614 -

79 1675 159 1731 747.
184 1667 332 1732 conduxi.
377 1673 491 1731 Acidsl.
519 1669 709 1745 „conduxit“,
740 1673 820 1750 quod
849 1693 921 1732 sane
948 1681 1086 1732 accurata
1107 1677 1184 1734 ratio

76 1775 270 1852 postularet;
294 1773 328 1832 R.
357 1771 565 1846 ,conduxim“.
588 1803 631 1814 -
656 1769 743 1849 Quid
764 1769 836 1834 est?
867 1797 893 1833 v.
919 1776 955 1833 ed
978 1775 1086 1854 Amph.
1113 1778 1182 1835 552.

77 1904 117 1918 -
148 1878 222 1936 748.
246 1871 322 1936 istiu
343 1877 478 1950 Pylades.
513 1906 555 1916 -
591 1879 660 1936 749.
684 1873 789 1936 rurist
811 1877 856 1936 od.
880 1897 925 1955 pr.
960 1907 1002 1918 -
1031 1882 1102 1938 750.
1126 1893 1183 1938 tm-

75 1995 174 2056 puem
199 1979 386 2038 Hermanuus
408 1979 495 2037 simul
517 1981 648 2038 orationi
676 1987 706 2036 et
727 1983 825 2038 versui
854 1982 1018 2040 cousulens.
1042 2009 1083 2022 v-
1113 1983 1182 2040 751.

78 2083 115 2140 tu
141 2081 212 2139 add.
237 2081 272 2139 R.
301 2109 343 2122 —-
371 2083 432 2140 753
456 2101 500 2158 sq.
525 2079 575 2139 It:
609 2081 692 2154 ,Nou
715 2082 766 2140 tsd
796 2083 902 2156 odisse,
931 2103 1033 2143 uerum
1063 2103 1186 2142 uxorem

77 2183 167 2242 aibat
189 2203 287 2242 suam:
323 2183 362 2241 Et
384 2204 465 2242 suern
490 2189 588 2242 autem
612 2203 733 2243 uxorem
758 2181 832 2243 cet.“
879 2186 980 2245 Minus
1002 2188 1092 2244 etism
1114 2205 1184 2262 pro·

77 2285 216 2346 bendum
239 2285 318 2362 quod
340 2306 443 2345 versus
470 2289 657 2362 transposuit
680 2287 715 2343 ud
740 2287 817 2345 hunc
838 2289 974 2346 modum:
1018 2289 1088 2346 754.
1114 2289 1184 2347 753.

81 2393 155 2448 755.
178 2389 248 2447 757.
269 2390 340 2448 756.
359 2417 401 2428 -
421 2390 489 2447 754.
507 2383 621 2460 istacc3
647 2389 875 2465 exspectabatur
890 2391 1058 2466 singularis,
1078 2390 1129 2447 sed
1147 2391 1183 2448 61.

81 2493 158 2551 786.
173 2493 245 2550 910.
256 2519 299 2530 -
312 2494 383 2550 757.
397 2487 486 2550 Num
496 2487 612 2550 metuis
626 2486 793 2551 4164816669
815 2491 940 2564 (lamen,
960 2493 1184 2570 necquidquam

78 2594 181 2653 habeo
204 2593 323 2664 melius,
353 2613 419 2652 nam
442 2595 479 2651 iis
502 2613 566 2670 quae
588 2601 810 2670 proposuerunt
832 2593 881 2652 lt:
919 2593 1050 2670 „Nempe
1077 2597 1185 2653 metuis

80 2705 114 2754 tu
132 2693 190 2768 i.“‚
213 2695 307 2772 Bugg.
321 2695 438 2755 Tidskr.
450 2697 470 2754 f.
484 2695 591 2754 Philol.
605 2697 658 2752 Vll
676 2715 704 2771 p.
720 2698 754 2754 3:
781 2696 945 2768 „Nimirum
963 2697 1053 2755 odisti
1076 2693 1183 2770 hanc“,

80 2799 258 2874 Lysimachi
287 2802 442 2876 responsio
469 2801 566 2857 minus
596 2801 684 2856 etiam
715 2801 861 2858 convenit.
885 2827 927 2838 -
952 2801 1021 2858 756.
1052 2792 1115 2859 Uin
1136 2813 1185 2856 me

81 2894 253 2976 expertri?
281 2899 444 2958 Enarrant:
475 2901 545 2976 quid
569 2901 664 2959 facere
687 2903 814 2978 possim;
838 2903 927 2960 immo
949 2917 998 2960 me
1019 2903 1185 2959 subiectum

82 3008 149 3062 est:
181 3005 230 3060 vin
253 3023 300 3060 rna
322 3009 420 3062 tecum
443 3002 593 3078 experiri?
627 3023 666 3061 sc.
691 3006 754 3062 iure
778 3009 829 3061 aut
851 3003 969 3074 iudicio,
994 3005 1072 3080 quod
1095 3007 1184 3062 iuter·

83 3105 159 3164 dum
192 3105 322 3178 additur,
357 3127 384 3164 v.
414 3105 472 3164 Cio.
496 3125 526 3182 p.
550 3105 649 3176 Quint.
677 3107 723 3177 ll,
754 3107 803 3164 36.
849 3105 932 3164 Rosc.
961 3105 1043 3164 Com.
1073 3109 1102 3181 9,
1134 3108 1184 3180 25,

83 3208 236 3267 interdum
266 3209 423 3279 omittitur,
453 3213 487 3265 65
509 3207 568 3267 Cio.
591 3229 620 3285 p.
646 3208 743 3279 Quint.
771 3209 817 3279 16,
849 3210 897 3268 51.
923 3209 971 3280 23,
997 3211 1034 3267 75
1060 3209 1095 3267 al.
1141 3208 1183 3267 Of.

84 3313 178 3370 etiem
202 3309 385 3369 Plautcist.
400 3312 469 3369 210.
494 3339 535 3349 -
560 3304 645 3368 Nolo
663 3310 741 3368 Cam.
767 3339 807 3349 —
832 3312 902 3370 759.
925 3311 1066 3388 Dorippae
1089 3311 1185 3369 nullas

84 3413 133 3472 hic
157 3418 260 3488 partes
284 3433 357 3483 esse,
387 3419 418 3471 et
439 3406 556 3470 misero
579 3412 767 3471 scribendum
789 3414 940 3471 intellexit
961 3413 1125 3485 Acidalius3
1157 3408 1186 3471 ei

84 3515 131 3590 R,
168 3533 196 3573 v.
222 3517 292 3574 693.
315 3543 359 3556 -
383 3516 528 3574 762-67
563 3523 594 3572 65
612 3516 777 3596 ¹sententiis
809 3521 840 3573 et
867 3515 966 3572 verbis
999 3523 1060 3574 tam
1093 3516 1186 3592 inepti

84 3617 238 3690 videntur,
272 3623 306 3675 ut
338 3637 356 3674 a
384 3615 490 3674 Plauto
523 3617 649 3693 profecti
682 3637 747 3676 esse
780 3635 838 3674 666
871 3619 994 3695 possint.
1046 3617 1185 3676 Fortasse

85 3721 265 3800 depravatio
288 3739 390 3778 versus
415 3721 474 3777 757
498 3721 667 3790 6116661615,
690 3740 742 3778 cur
765 3720 823 3776 alie
841 3725 1095 3795 componerentur,
1120 3738 1185 3796 quaa

86 3843 189 3880 sorum
206 3823 273 3880 loco
290 3823 411 3880 recitari
428 3827 560 3898 possent.
597 3821 700 3880 (16656.
713 3820 779 3879 Act.
794 3820 874 3896 Lips.
890 3820 928 3878 vl
945 3842 973 3898 6.
988 3823 1048 3878 242
1062 3841 1104 3897 sq.
1118 3826 1186 3897 post

86 3947 113 3982 v.
140 3927 201 3983 755
226 3923 380 4002 ponendos
403 3925 525 3998 censuit,
556 3943 615 4000 quo
637 3925 715 3982 lucto
737 3923 833 3981 turbae
856 3943 915 3981 uon
939 3926 1119 3982 minuuntur.
1143 3951 1185 3963 -·-

89 4029 160 4085 763.
185 4026 368 4103 Scriptorum
391 4025 455 4084 cod.
478 4025 506 4084 A
527 4031 657 4084 testetur
680 4025 774 4104 Gepp.
799 4025 884 4084 Stud.
907 4025 936 4082 11
958 4045 987 4103 6.
1008 4027 1056 4084 93.
1092 4021 1184 4082 Vitio·

88 4149 153 4188 sum
175 4139 303 4188 estnon
326 4127 419 4186 solum
443 4121 545 4186 euenit
572 4130 670 4205 prima
698 4134 843 4206 correpta,
876 4127 1037 4186 sedetiam
1062 4126 1110 4184 cst
1130 4145 1186 4202 pro

92 4231 221 4300 ,factum
256 4229 332 4290 est“.
365 4257 407 4270 -
442 4231 511 4288 764.
542 4227 684 4289 eradicas
712 4230 837 4303 Acidal,
872 4249 898 4289 v.
929 4229 1183 4288 adsalutant.

92 4329 278 4404 „medicam
302 4334 366 4411 ipse
387 4333 450 4406 legi
472 4333 503 4390 in
525 4333 560 4390 A.
584 4361 625 4372 -
650 4333 720 4392 765.
744 4333 777 4390 16
800 4334 825 4390 Δ
848 4332 883 4390 R.
911 4351 974 4404 ,me
990 4327 1076 4390 hinc“
1101 4331 1183 4404 legit,
