2960 5000
98 443 161 513 w,
180 447 206 512 2,
224 447 328 500 44-52
407 431 410 438 “
611 445 756 501 Poenulus.

539 633 814 720 Syncerasous

586 805 761 890 Milphio

270 891 377 957 Melus
400 913 479 958 sum.

537 999 814 1083 Syncerastus

423 1107 511 1173 Male
533 1107 613 1173 mihi
636 1118 695 1173 est.

590 1226 761 1310 Milphio

573 1335 729 1416 Memora,
752 1357 829 1401 num
853 1358 925 1402 esee
948 1337 1046 1402 aliter
1068 1335 1171 1403 decet.
1190 1355 1242 1408 866

103 1444 202 1523 Quid
220 1451 280 1522 est,
304 1443 391 1526 quod
410 1443 495 1508 male
514 1444 558 1507 sil
575 1443 645 1522 tibi,
668 1445 746 1527 quoi
764 1443 851 1509 domi
870 1445 922 1523 sit,
941 1444 1031 1528 quod
1048 1444 1117 1511 edis
1139 1445 1240 1527 quod·

884 1574 947 1635 quo
970 1575 1070 1630 tumeo,
1094 1551 1240 1634 adfatim,

103 1661 229 1743 Neque
252 1659 428 1725 triobolum
451 1659 553 1724 ullum
577 1659 701 1724 amicae
725 1659 784 1724 des
807 1668 841 1725 et
863 1661 979 1726 duetus
1001 1662 1128 1744 gratie?

545 1779 815 1862 Syncerastos

103 1889 282 1971 Diespiter
303 1909 355 1953 me
378 1888 425 1953 sic
448 1887 583 1966 amabit,

594 1995 767 2080 Milphio

621 2103 665 2170 Ut
688 2105 820 2188 quidem
844 2105 962 2190 edepol
985 2105 1103 2189 dignus¹
1125 2125 1169 2172 es.

537 2222 814 2308 Syncerastus
1265 2224 1268 2232 '

109 2332 161 2398 Ut
183 2351 244 2413 ego
267 2331 352 2396 hano
374 2331 532 2397 familiam
554 2333 691 2399 interire
713 2335 821 2416 oupio.

590 2451 761 2537 Milphio
1194 2535 1195 2540 η

803 2559 895 2626 Adde
919 2581 1063 2643 operam,
1087 2559 1115 2625 si
1137 2561 1240 2643 cupis.

543 2676 814 2764 Syncerastue

112 2787 194 2852 Sine
216 2787 332 2870 pennis
354 2786 468 2852 uolere
490 2787 579 2852 haud
602 2787 697 2853 facile
721 2797 788 2869 est;
817 2807 909 2854 meae
936 2787 1009 2852 eloe
1032 2806 1154 2869 pennas
1177 2805 1241 2851 non

884 2895 1017 2961 hebent.
1190 2911 1242 2964 870

99 719 223 786 Malus
245 721 303 786 es‘?

591 3001 661 3067 Mil
697 3003 763 3069 hio

110 3111 229 3177 Nolito
252 3111 369 3194 edepol
392 3109 580 3190 deuellisee3
604 3025 690 3176 istud
710 3113 775 3176 iam
798 3111 849 3177 his
872 3111 1000 3178 duobus
1022 3111 1188 3177 mensibus

112 3220 274 3286 Uolucres
296 3219 367 3308 tibi¹
381 3226 477 3284 erunt
499 3227 577 3284 tuae
600 3220 785 3302 hirquinae.

543 3337 814 3422 Syncerastue
927 3413 930 3421 ¹

681 3447 696 3511 1
719 3449 752 3512 in
776 3447 896 3514 melem
918 3469 996 3512 rem.

592 3566 762 3651 Milphio

938 3653 1012 3719 Itu
1035 3659 1135 3737 etque
1159 3673 1243 3718 erus.

546 3737 817 3822 Syncerastus

115 3845 240 3912 Uerum
260 3847 356 3926 enim,
380 3848 436 3929 qui
454 3845 551 3911 modo
571 3867 643 3911 eum
656 3849 753 3926 norit,
776 3848 841 3912 cito
853 3847 950 3913 homo
963 3849 1112 3931 peruerti
1123 3854 1243 3930 potest.

1099 4016 1115 4052 o

184 4069 237 4122 866
254 4066 465 4122 memorandum
483 4065 535 4121 Bo
591 4067 662 4122 alter
678 4065 707 4120 B
767 4070 818 4122 866
837 4069 889 4124 tibi
908 4084 958 4123 om.
977 4066 1030 4122 BG
1090 4065 1247 4134 qomisito
1289 4123 1293 4128 ,

38 4167 41 4172 ’
115 4155 169 4208 868
186 4153 212 4206 Κ
230 4169 281 4208 om.
343 4154 394 4206 869
412 4151 437 4206 K
455 4168 505 4208 om.
578 4154 630 4206 870
648 4153 741 4221 pinnis
759 4153 787 4206 B
847 4154 903 4208 heu
921 4155 947 4207 A
1006 4151 1088 4206 feeile
1107 4152 1131 4205 ei
1148 4151 1176 4205 B

115 4239 217 4308 pinnae
301 4253 359 4292 nou
377 4237 470 4294 om.0
555 4240 604 4291 871
626 4236 692 4291 Noli
710 4239 737 4291 A
817 4239 956 4294 deuelioee
974 4237 1001 4292 A
1083 4240 1135 4292 872
1153 4237 1245 4292 Erunt

115 4323 259 4378 hiitineO
307 4323 392 4378 Iom.
410 4321 467 4390 ΒΟ,
485 4324 514 4376 in
533 4339 582 4378 om.
598 4325 625 4377 A
677 4326 728 4377 873
748 4325 795 4392 qui
813 4323 898 4378 homo
917 4340 979 4378 eum
997 4324 1075 4378 norit
1127 4324 1199 4378 seito
1218 4325 1245 4377 A
