2982 5000
271 452 335 514 270
750 445 912 499 Pseudolus.

271 641 357 701 codd.
387 640 456 700 huic
489 641 586 700 versui
617 639 766 713 tribuunt,
800 641 910 700 retinui
944 641 1040 699 deletu
1068 647 1141 700 notu
1170 641 1220 713 P,
1255 641 1397 716 quamsi

271 745 396 816 omissis
431 743 465 803 R.
494 745 524 802 in
553 743 719 820 proximum
748 743 914 804 transtulit.
949 773 989 784 -
1022 747 1093 804 993.
1128 744 1155 800 A
1189 743 1264 804 duos
1302 743 1396 801 dime-

271 853 334 906 tros
362 846 506 906 discribit.
557 839 609 906 SI.
633 840 801 922 Numquid
828 845 873 904 sd.
898 867 944 926 pr.
978 876 1020 886 -
1053 849 1125 906 995.
1154 861 1206 918 su,
1240 867 1280 906 sc.
1309 864 1397 922 quum

272 951 446 1028 querimus,
484 947 520 1006 ci.
554 951 621 1008 147.
687 948 773 1022 ,1115“
812 949 894 1008 Pers.
931 953 1005 1022 7243
1039 951 1165 1008 retinuit
1194 949 1325 1021 Mffller3
1364 948 1395 1005 R

272 1059 340 1113 cett.
364 1053 536 1112 omiserunt.
558 1081 594 1092 -
623 1053 696 1111 927.
719 1047 782 1126 dle,
805 1073 832 1110 v.
850 1051 887 1110 sd
906 1052 1015 1130 Amph.
1034 1054 1105 1112 457.
1131 1081 1168 1090 -
1193 1052 1266 1110 998.
1290 1045 1399 1110 adsiei

271 1155 352 1215 Cum.
381 1185 422 1196 -·
450 1157 521 1215 929.
556 1156 675 1233 ,potior
704 1155 753 1212 Ille
776 1151 852 1212 erit“
876 1156 1061 1232 transposuit
1083 1153 1186 1228 Both.;
1219 1156 1332 1232 placet.
1357 1183 1397 1192 -

272 1259 344 1318 931.
368 1252 424 1318 sic
445 1259 480 1318 A.
505 1287 540 1302 -
568 1259 639 1318 933.
663 1251 762 1334 Ipsus
783 1263 815 1315 et
836 1271 904 1316 esse
925 1273 995 1316 eum
1017 1258 1051 1316 A.
1081 1287 1123 1297 —-
1152 1259 1222 1316 934.
1254 1256 1399 1316 amunte!

272 1360 319 1422 ed.
340 1382 387 1440 pr.
410 1389 452 1402 --
482 1355 544 1437 Qui
564 1354 693 1436 potest?
715 1361 750 1430 A,
774 1381 801 1420 v.
825 1361 863 1420 od
885 1359 992 1439 Amph.
1019 1363 1087 1420 169.
1114 1390 1151 1401 -
1176 1361 1249 1420 936.
1272 1373 1397 1438 petoque

272 1457 380 1538 554555,
410 1485 439 1522 r.
462 1465 499 1524 sd
521 1463 628 1541 Amph.
648 1465 697 1522 30.
721 1492 763 1506 ·-·
786 1465 847 1522 937
871 1465 994 1523 secessit
1016 1483 1051 1522 ex
1074 1466 1109 1536 A,
1132 1484 1160 1523 v.
1180 1463 1395 1540 Low.p.1s0;

272 1568 322 1645 qui
346 1585 438 1645 quum
461 1567 514 1626 AN
529 1611 536 1626 .
550 1566 665 1626 .1>1R0
692 1568 814 1642 legisset
835 1571 866 1626 et
888 1567 976 1626 simul
999 1567 1258 1626 enimsdvertissst
1279 1567 1395 1643 requiri

271 1689 454 1748 synonymon
488 1669 572 1730 verbi
604 1665 831 1748 „supsrsvero“,
871 1661 1010 1730 auiids'bo
1048 1671 1170 1748 scripsi,
1210 1671 1246 1728 cf.
1283 1667 1391 1728 Bacch.

275 1775 365 1833 1086.
399 1772 463 1833 Ges.
488 1775 559 1832 205.
593 1772 666 1831 Gist.
688 1774 759 1832 902.
782 1802 825 1813 -
847 1774 919 1833 939.
942 1787 991 1831 me
1011 1767 1098 1833 satin
1120 1773 1254 1844 Winter;
1280 1772 1393 1846 „satine

272 1871 337 1934 me“
355 1875 390 1934 R.
410 1905 448 1916 -
473 1877 534 1936 940
551 1897 615 1954 sqq.
639 1875 721 1936 locus
743 1875 975 1952 interpolatione
992 1882 1158 1954 corruptus.
1193 1869 1275 1935 Esto
1289 1877 1391 1951 inepte

272 1979 480 2055 respondetur.
524 1978 696 2056 Sequuntur
718 1983 861 2056 quattuor
883 1999 986 2038 versus
1009 1984 1040 2038 et
1060 1985 1186 2058 propter
1201 1984 1329 2037 metrum
1346 1996 1390 2034 su·

272 2082 367 2160 specti
396 2087 427 2139 et
453 2081 547 2140 mulio
574 2082 668 2158 magis
696 2085 821 2160 propter
842 2085 1004 2142 sententies
1026 2101 1132 2160 pssum
1154 2087 1226 2160 epte
1247 2101 1283 2140 se
1303 2097 1388 2156 repe·

272 2190 380 2256 tentes,
404 2203 469 2261 qun
491 2185 570 2243 infre
585 2203 638 2243 suo
654 2185 720 2243 loco
737 2191 767 2241 et
784 2184 922 2243 Plautino
940 2203 1074 2243 sermone
1091 2185 1239 2262 leguntur.
1274 2183 1308 2242 V.
1329 2183 1388 2240 945

273 2293 372 2346 sutem
391 2285 448 2346 dici
468 2307 526 2344 non
544 2293 645 2366 potest
662 2287 717 2346 nisi
737 2288 773 2360 ei,
792 2288 843 2364 qui
860 2289 986 2346 alterum
1000 2287 1161 2360 admonuit,
1179 2307 1234 2346 nec
1252 2307 1315 2344 cum
1329 2287 1386 2344 944

273 2389 408 2449 nisset.
470 2389 547 2461 Quid
581 2392 787 2464 antecesserit,
828 2397 954 2468 sppnret
987 2409 1023 2447 cx
1057 2391 1108 2464 iis,
1140 2409 1205 2467 quus
1239 2391 1269 2447 in
1303 2387 1387 2446 codd.

272 2496 370 2552 versui
382 2493 443 2552 947
457 2492 618 2552 adduntur.
662 2493 708 2551 Ibi
731 2495 808 2551 euim
831 2495 926 2572 prims
945 2493 1031 2552 huius
1048 2513 1150 2554 versus
1168 2491 1269 2564 verbs,
1294 2484 1386 2551 Potin

170 2644 176 2652 .
272 2596 308 2654 ui
330 2588 458 2655 taceas?
479 2602 666 2674 repetuntur,
688 2596 741 2654 sed
763 2595 1021 2654 antecedentibus:
1045 2593 1091 2656 As
1111 2590 1187 2656 uide
1206 2611 1247 2654 sss
1267 2585 1387 2654 titubes.

168 2697 175 2710 '
272 2697 342 2757 Huc
363 2698 495 2777 seperari
517 2719 576 2758 non
600 2697 722 2772 debent,
753 2697 805 2757 sed
835 2717 936 2758 eorum
959 2699 1040 2760 locus
1063 2705 1200 2758 estante
1223 2701 1299 2770 945,
1333 2715 1386 2755 nou

272 2807 340 2879 post
364 2803 434 2860 947.
479 2800 582 2878 Itaque
605 2801 711 2860 deletis
733 2802 779 2874 iis,
804 2821 870 2879 quse
893 2804 995 2879 spurio
1015 2803 1154 2868 videntur
1177 2796 1253 2878 (940
1279 2797 1385 2876 ,sess

274 2903 311 2961 nd
335 2901 409 2976 044)
433 2924 458 2963 v.
484 2903 546 2962 940
567 2905 639 2961 telis
662 2903 805 2962 efficitur:
831 2903 976 2982 „Optume
998 2905 1095 2964 hebet.
1140 2907 1181 2964 At
1201 2904 1271 2964 uide
1294 2924 1329 2962 ns
1350 2903 1384 2959 ti.
1458 2951 1459 2978 1

272 3003 376 3065 tubss“
403 3007 464 3079 vel,
495 3008 520 3065 si
543 3005 668 3064 dimeter
691 3025 777 3082 susp.
801 2991 952 3067 ssciendus
975 3013 1033 3083 est,
1064 3009 1122 3082 „At
1144 3014 1179 3066 tu
1200 3007 1271 3065 uide
1294 3027 1322 3064 n.
1344 3001 1383 3062 t.‘

273 3139 314 3148 —-
344 3110 414 3168 949.
445 3109 596 3187 quantum
618 3105 757 3185 dipuu'e,
793 3129 819 3168 v.
844 3108 881 3166 sd
905 3110 986 3169 Asin.
1012 3111 1082 3168 148.
1113 3139 1150 3152 -
1186 3111 1258 3168 943.
1292 3101 1386 3183 scupis

272 3205 391 3270 malum
413 3211 443 3270 ei
462 3229 518 3288 pro
540 3231 600 3270 uno
622 3211 698 3289 pede
717 3213 784 3271 erit.
806 3241 837 3254 -
868 3213 929 3272 944
953 3217 987 3270 ut
1009 3232 1112 3273 versus
1129 3212 1192 3284 fist,
1216 3215 1384 3272 omittentur

276 3321 325 3387 „et
346 3309 470 3373 155155]ιι
496 3320 547 3374 eut
569 3333 634 3373 cum
658 3314 837 3392 Kissslingio
856 3313 934 3374 Mus.
953 3313 1045 3373 Rhen.
1063 3313 1166 3372 XXIII
1187 3334 1216 3391 p.
1236 3316 1298 3373 424
1321 3313 1384 3372 scri·
1458 3353 1459 3378 ,

273 3417 362 3476 betur
394 3417 517 3494 „quenti
543 3425 575 3474 te
602 3412 738 3475 iscism“.
794 3415 931 3476 Ceterum
961 3417 997 3474 ci.
1022 3417 1083 3475 Mil.
1110 3419 1170 3476 935
1194 3439 1236 3495 sq.
1261 3423 1291 3475 55
1314 3417 1381 3474 812:

276 3521 390 3593 „sobrie
412 3525 446 3578 ut
468 3537 551 3579 cures
573 3515 667 3578 facet
685 3549 727 3558 -
750 3521 821 3579 945.
848 3515 994 3593 „memor“
1021 3519 1116 3592 codd,
1140 3521 1228 3578 etism
1245 3521 1280 3591 A,
1303 3537 1383 3595 repe·
1458 3533 1459 3580 i

272 3625 381 3682 titione
404 3625 453 3682 rix
475 3622 599 3681 ferendo
620 3623 806 3698 numerisque
828 3622 980 3701 pessimis;
1009 3641 1101 3699 quere
1122 3635 1257 3681 mensore
1278 3620 1383 3695 scripsi,

274 3727 291 3784 i.
305 3745 330 3784 e.
349 3729 528 3799 memoriter,
551 3733 585 3784 ut
604 3723 814 3784 niuntNouius
830 3747 860 3803 p.
875 3727 934 3785 514
958 3729 990 3783 55
1006 3725 1174 3784 Priscianus
1193 3723 1245 3781 XV
1264 3744 1293 3801 p.
1309 3721 1384 3781 1014

273 3827 429 3888 offerentes
451 3828 606 3905 Pomponii
628 3847 744 3886 versum
772 3827 887 3902 ,Ergo,
921 3829 960 3884 mi
982 3827 1148 3900 Dossenne,
1181 3845 1271 3902 quom
1300 3826 1384 3882 istaec
1458 3861 1459 3906 i

273 3951 401 3991 memore
434 3932 606 4006 meministi,
640 3927 769 3990 indics“.
819 3930 899 3990 idem
922 3929 1031 4006 Bergk.
1054 3931 1150 3988 voluit
1171 3929 1264 3988 Beitr.
1287 3948 1317 4005 p.
1340 3928 1383 3986 21.

275 4065 312 4077 -
338 4036 408 4094 947.
434 4027 558 4094 Probus
580 4027 698 4092 551055
720 4035 825 4110 scripsi
848 4053 914 4092 cum
935 4032 1081 4104 Wintero,
1110 4033 1197 4090 utin
1220 4032 1383 4109 anapestis,

276 4137 409 4213 „Probus
432 4139 478 4196 hic
500 4135 564 4196 est“
589 4139 678 4195 etium
700 4137 736 4195 A.
769 4165 806 4175 -
842 4137 913 4194 948.
947 4128 999 4194 Iu
1020 4149 1068 4193 me
1090 4128 1125 4194 di
1152 4133 1272 4206 ameni,
1306 4134 1384 4192 solite
1458 4127 1459 4130 ’

273 4241 460 4301 essevcrsndi
484 4240 618 4299 formula.
663 4239 755 4298 Simis
776 4258 842 4296 eum
865 4239 1084 4314 interrumpens
1106 4237 1168 4310 hic,
1194 4241 1230 4295 ut
1256 4240 1287 4296 in
1309 4242 1383 4294 unte

274 4343 391 4400 cedenti
413 4361 516 4414 semu,
550 4345 701 4419 proprium
731 4343 812 4399 vocis
840 4343 899 4400 vim
923 4341 1076 4418 ampiexus
1100 4342 1142 4396 uit
1165 4342 1219 4399 hoc
1241 4341 1312 4399 deos
1333 4357 1382 4396 non
