2954 5002
223 472 262 531 76
731 463 820 519 Plauti
1132 463 1182 533 lv,
1201 469 1223 532 1,
1243 467 1353 520 ss-sa

667 653 896 720 Pseudolus

222 739 275 804 Ita
296 761 347 804 me
370 739 403 806 di
426 747 576 806 ameni..

719 846 845 914 Simia

509 955 562 1022 Ita
584 977 649 1022 non
671 956 807 1037 lacient;
831 977 921 1024 mera
942 958 1007 1022 iam
1030 957 1203 1022 mendacia
1224 954 1351 1022 fundis.

669 1097 902 1164 Pseudolus

223 1205 267 1272 Ut
296 1227 356 1291 ego
385 1209 427 1274 ob
456 1213 563 1286 tuam,
598 1203 713 1287 Simia,
748 1205 916 1289 perfidiam
944 1213 978 1273 te
1007 1228 1080 1274 amo
1111 1213 1145 1273 et
1172 1212 1281 1272 metuo
1313 1213 1353 1272 et

991 1314 1171 1398 magnifico.

720 1445 844 1511 Simia

223 1553 293 1636 Ego
316 1556 401 1621 istuc
424 1554 496 1620 aliis
525 1554 603 1620 dare
634 1553 809 1634 condidici3
844 1553 922 1618 mihi
950 1551 1126 1619 obtrudere
1154 1573 1219 1619 non
1246 1559 1347 1636 potas

988 1661 1131 1746 palpum.
1292 1679 1350 1732 950

668 1791 900 1859 Pseudolus

223 1899 267 1965 Ut
290 1921 349 1984 ego
372 1898 468 1966 hodie
492 1907 524 1966 te
547 1903 708 1986 accipiam
731 1900 847 1984 lepide,
872 1901 929 1967 ubi
951 1901 1104 1968 sclecaris
1125 1901 1189 1967 hoc
1212 1922 1301 1986 opus.

722 2045 846 2108 Simia

1109 2205 1110 2208 Ἴ
1195 2128 1343 2196 Hahahe.

670 2237 897 2302 Pseudolus

221 2343 346 2430 Lepido
368 2346 467 2422 uictu,
492 2345 568 2410 uino
592 2347 734 2428 unguine
758 2353 791 2410 el
813 2347 899 2410 inter
922 2345 1042 2428 pocula
1064 2345 1292 2430 pulpamentis.

222 2453 348 2519 Ibidem
371 2474 437 2518 una
461 2452 567 2518 aderis
584 2453 700 2518 mulier
717 2455 829 2538 lepida
848 2454 908 2520 tibi
931 2454 1024 2519 sauia
1042 2455 1157 2520 suauia
1174 2475 1257 2536 quae
1276 2454 1343 2522 det..

721 2607 845 2672 Simia

223 2715 346 2800 Lepide
369 2717 507 2801 accipies
532 2736 590 2780 me.

668 2845 896 2912 Pseudolus

580 2955 682 3020 Immo
707 2958 734 3021 si
759 2955 896 3036 celicias,
920 2961 991 3022 tum
1014 2954 1089 3019 laxo
1113 2954 1217 3036 magis
1242 2952 1337 3017 dicas.

720 3086 846 3152 Simia

224 3195 295 3260 Nisi
318 3193 471 3274 calocero,
494 3193 716 3261 cruciabiliter
739 3217 789 3260 me
813 3194 968 3260 carnulex
991 3193 1140 3276 accipito.
1292 3207 1341 3261 955

226 3301 288 3368 Sed
312 3324 452 3387 propera
474 3303 554 3368 mihi
577 3313 757 3370 monstrare
781 3304 837 3369 ubi
861 3304 904 3368 sit
926 3324 962 3368 os
985 3302 1111 3368 lenonis
1135 3302 1273 3368 aedium.

671 3434 901 3499 Pseudolus

224 3541 369 3608 Tertium
393 3542 454 3608 hoc
476 3549 535 3608 est.

721 3672 846 3738 Simia

523 3780 569 3860 st,
594 3789 681 3864 tace3
705 3781 803 3848 aedes
827 3783 965 3847 hiscum.

290 4009 342 4063 948
359 4009 399 4063 dii
417 4014 540 4062 ammoni
557 4008 585 4062 Β
674 4009 772 4063 fundes
863 4011 913 4064 949
931 4009 1043 4063 simiam
1129 4006 1297 4076 magnifacio
1313 4002 1342 4059 B

222 4094 270 4146 951
297 4101 324 4148 to
341 4093 468 4150 hodioO
526 4095 668 4163 accipeam
686 4094 714 4149 B
783 4097 834 4148 952
852 4096 1004 4164 unguentis
1069 4096 1120 4150 959
1138 4094 1230 4164 aperit
1246 4092 1343 4147 mulier

222 4177 315 4248 lepida
332 4181 383 4234 tibi
402 4181 480 4234 sauia
497 4197 580 4250 super
597 4181 697 4248 uiaque
768 4179 893 4235 decedi)
966 4183 1017 4235 954
1035 4181 1139 4250 accipis
1219 4179 1291 4235 effici
1307 4176 1342 4245 B,

222 4265 308 4318 efficis
328 4264 350 4318 O
400 4267 450 4320 955
469 4265 591 4320 carnifex
609 4283 653 4320 me
713 4267 764 4320 956
782 4266 819 4319 sit
837 4265 890 4320 sito
909 4267 1035 4321 suenonis
1053 4265 1088 4333 Β,
1108 4267 1145 4320 sii
1162 4261 1345 4322 ostenouisO

222 4351 272 4404 957
291 4348 341 4404 PS.
361 4366 410 4405 ons.
429 4350 457 4404 B
525 4353 548 4405 si
566 4350 669 4405 taooO
