2978 5004
280 443 341 506 226
698 439 781 496 Miles
799 440 946 510 gloriosus.

275 655 306 712 p.
333 637 401 694 183.
446 633 624 694 Ritschelins
646 655 700 712 pro
723 630 803 695 clam
828 631 935 708 ,scite“
966 637 1095 714 scripsit,
1119 635 1204 694 Ribb.
1231 631 1376 710 „scitus‘.

276 737 416 797 Proximo
446 743 545 797 antem
573 757 660 796 versu
688 738 816 796 Ritech.:
855 737 991 810 „Liceret
1017 743 1052 796 nt
1081 739 1154 796 clam
1184 735 1376 811 convenire“,

276 839 362 898 Ribb.
387 859 451 898 cum
474 841 544 898 Pio:
578 839 698 912 „Licere
720 847 755 898 ut
777 837 905 917 quiret“.
951 841 1025 898 Mihi
1048 841 1165 917 quidem
1188 841 1377 918 probabilior

275 942 394 1002 videtur
415 943 543 1001 Acidalii
566 943 731 1002 emendatio
754 949 809 1020 pro
835 937 969 1020 „quiret“
995 937 1050 1020 qui
1071 945 1235 1018 scribentis,
1259 939 1378 1020 utqui

276 1051 322 1104 est
349 1047 426 1103 enim
454 1047 473 1104 i.
498 1067 525 1122 q.
549 1066 619 1122 qno,
653 1065 679 1104 s.
704 1045 740 1103 ad
764 1047 845 1104 Asin.
871 1048 940 1104 501.
965 1075 1006 1084 -
1029 1047 1057 1104 8.
1090 1041 1249 1107 oberrans
1272 1046 1308 1104 R.
1334 1075 1377 1085 -

276 1149 304 1206 9.
333 1141 480 1207 Ridicule
507 1144 539 1206 is
566 1147 699 1224 Seyffert.
744 1148 850 1206 Philol.
875 1148 958 1206 XXV
985 1169 1014 1226 p.
1040 1151 1116 1220 4393
1151 1169 1209 1206 non
1239 1149 1378 1207 ridiculis

275 1259 324 1309 aut
347 1251 536 1324 ridiculariia,
560 1251 612 1309 sed
636 1251 760 1309 fallaciis
783 1251 905 1310 luditur.
931 1279 968 1290 -
991 1253 1037 1309 13.
1061 1247 1097 1310 ira
1119 1247 1210 1310 domo
1233 1251 1280 1309 ed.
1305 1273 1353 1329 pr.
1474 1295 1475 1336 ,

796 1537 933 1546 -—-·—---

658 1783 915 1852 Argumentum
937 1783 986 1838 11.

362 1973 387 2030 l.
431 1965 602 2047 impendam
628 1969 874 2028 Philocomasium
904 1972 993 2030 fuisse
1023 1973 1052 2028 in
1081 1973 1145 2047 ipsa
1173 1971 1276 2030 fabula
1304 1993 1374 2030 nus·
1474 1999 1475 2030 z

273 2093 359 2150 quam
383 2073 501 2148 legitur.
543 2074 587 2132 Ex
610 2095 637 2131 v.
662 2075 722 2132 492
745 2075 854 2132 iniuria
877 2074 930 2136 hoc
953 2073 1082 2131 effecisse
1113 2077 1281 2149 argumenti
1305 2096 1374 2134 nnc·

272 2182 366 2234 torem
399 2179 462 2235 veri
497 2179 634 2234 similiter
661 2181 829 2254 suspicatur
858 2177 936 2234 Brix.
971 2205 1014 2215 -
1049 2178 1075 2234 2.
1107 2171 1308 2252 Naupactum
1342 2175 1374 2237 is
1474 2163 1475 2220 l

273 2279 408 2354 Pylades.
433 2309 473 2320 -
496 2281 524 2337 4.
549 2276 681 2338 illudam
705 2279 875 2337 Saraccnus.
901 2307 941 2318 -
965 2282 992 2336 7,
1016 2274 1071 2337 Ad
1091 2295 1179 2338 erum
1197 2280 1222 2337 D
1243 2287 1312 2338 cett.
1335 2313 1371 2320 —
1474 2333 1475 2348 ,

274 2383 302 2441 8.
327 2377 503 2440 decoriatur
524 2381 558 2439 R.
584 2383 650 2440 coll.
678 2383 735 2440 134
755 2387 785 2440 et
806 2383 875 2439 242.
894 2411 935 2420 —
957 2384 1003 2440 ll.
1026 2378 1185 2458 cortinam
1207 2382 1372 2442 Scutarios.

272 2479 416 2544 mulieris
444 2485 639 2543 Camerarius.
663 2515 704 2524 -
731 2487 777 2544 12.
803 2482 914 2544 adesse
936 2485 999 2560 Pyl.
1024 2515 1066 2523 -
1091 2486 1138 2544 13.
1163 2479 1318 2559 clientem,
1344 2509 1371 2544 v.
1474 2541 1475 2558 ,

273 2589 344 2646 789.
368 2617 409 2627 -
435 2587 490 2661 „ad
519 2585 756 2646 sollicitandum“
782 2589 815 2646 R.
840 2594 909 2646 cett.
933 2617 975 2628 -
1000 2589 1047 2646 14.
1071 2588 1178 2663 sperat
1205 2587 1371 2648 Scutarins.
1474 2579 1475 2654 l

356 3409 455 3466 Prima
477 3428 581 3482 scena,
616 3429 680 3487 qua
709 3409 830 3468 militem
860 3416 889 3468 et
918 3412 1082 3488 parasitum
1111 3410 1189 3468 inter
1217 3429 1248 3468 se
1277 3413 1371 3471 collo-

273 3518 398 3587 quentes
421 3510 519 3584 habet,
548 3512 630 3570 illum
653 3515 818 3585 iactantiae,
847 3513 924 3571 hunc
947 3513 1124 3571 adulationis
1147 3516 1297 3590 egregium
1321 3536 1370 3573 ex·

270 3615 393 3693 emplar,
422 3616 556 3692 quamvis
584 3615 621 3672 ad
650 3621 854 3692 argumentum
882 3615 988 3674 labulae
1019 3616 1223 3694 explicandum
1247 3637 1308 3676 non
1331 3620 1372 3676 sit

269 3719 443 3790 necessaria,
467 3723 565 3776 tamen
588 3719 706 3775 minime
730 3719 826 3776 aliena
849 3725 906 3791 est;
929 3739 996 3776 nam
1014 3719 1116 3777 militis
1134 3721 1283 3793 ingenium
1306 3725 1368 3780 tam

269 3821 366 3898 lepide
395 3822 530 3896 exponit,
565 3827 599 3879 ut
627 3827 810 3898 spectatores
838 3821 954 3880 ridendi
984 3824 1046 3881 eius
1074 3821 1172 3880 studio
1201 3826 1368 3899 capiantur,
1474 3813 1475 3818 ἵ

269 3943 391 4000 eamque
418 3927 481 3981 eine
509 3923 715 4001 stupiditatem
739 3930 766 3981 et
796 3927 955 3982 vanitatem
979 3924 1124 3998 ostendit,
1154 3931 1187 3982 ut
1215 3946 1282 3984 eum
1307 3931 1368 3986 auis

269 4029 349 4085 vitiis
373 4031 491 4104 captum
519 4029 557 4083 iri
585 4027 671 4084 facilc
700 4034 853 4104 appareat.
898 4027 1045 4084 Errarunt
1067 4029 1158 4103 igitur
1180 4030 1241 4086 eine
1264 4029 1367 4104 dubio,

268 4131 320 4206 qui
347 4130 422 4189 hanc
449 4149 566 4188 scenam
594 4149 652 4187 non
681 4149 716 4187 ex
738 4129 876 4204 Alazona,
907 4129 985 4187 unde
1008 4131 1123 4206 reliqua
1149 4131 1249 4189 fabula
1277 4133 1368 4192 ducta

268 4239 322 4307 est,
347 4234 400 4291 sed
418 4253 454 4291 ex
472 4233 530 4291 alia
547 4233 645 4290 nescio
662 4251 721 4307 que
743 4231 957 4292 fabuleGrreca
978 4231 1117 4290 Plautum
1139 4232 1256 4294 duxism
1279 4243 1368 4312 puta·
1474 4269 1475 4272 =

268 4341 346 4410 runt,
369 4353 509 4412 necque
534 4335 570 4393 de
592 4333 748 4392 Menandri
771 4335 874 4393 Colace
897 4357 933 4393 ex
954 4335 1079 4412 prologo
1103 4335 1239 4394 Eunuchi
1256 4337 1366 4398 Teren·
1474 4343 1475 4346 ’
