2940 5008
528 483 558 538 v.
577 487 721 540 rac-em.
1109 493 1170 554 275

160 681 227 738 869.
250 693 326 756 rapo
348 679 415 738 add.
440 679 506 752 Br.;
532 681 582 739 sed
606 677 805 742 certamen?
839 681 948 741 Versus
970 685 1172 760 ineptissimus

79 787 134 856 eet;
156 785 265 860 excipit
287 787 385 841 autem
408 785 561 859 responsio
583 801 643 842 non
666 786 762 843 minus
783 787 895 863 inepta.
915 813 953 824 -
975 787 1045 844 810.
1063 785 1174 861 pascet

79 885 121 943 ed.
143 905 186 964 pr.
210 915 251 926 -
276 886 347 944 811.
370 885 405 944 ta
428 885 496 944 add.
520 885 661 946 Schmidt.
685 888 761 946 666.
775 888 848 967 pbil.
872 888 931 946 vol.
955 888 1053 966 suppl.
1076 887 1120 946 IX
1142 907 1170 965 p.

80 989 145 1046 368.
187 983 238 1047 bia
269 988 530 1066 Periplecomenus
564 994 624 1060 est3
659 991 711 1049 sed
745 1011 799 1049 nec
827 987 921 1050 etiam
948 1010 1002 1048 666
1036 990 1173 1050 aearum

78 1096 143 1168 epte
176 1092 292 1149 dicitur.
337 1091 439 1150 Ribbz
481 1093 541 1166 ,st
566 1098 629 1151 tum
660 1111 748 1170 quom
777 1114 840 1152 rem
872 1094 921 1152 bic
950 1099 1019 1170 aget
1040 1099 1172 1152 actutum

79 1189 157 1251 cet.“.
170 1224 211 1234 -
224 1195 295 1252 812.
319 1187 369 1252 Eo
387 1193 432 1251 ed.
451 1215 497 1272 pr.
510 1225 551 1234 -
563 1189 610 1254 El}
625 1197 736 1254 retinui
756 1203 790 1254 ut
804 1197 873 1270 523,
892 1196 943 1255 R.:
960 1191 1019 1268 „i“.
1031 1211 1171 1271 -prae-

79 1295 166 1370 cepta,
187 1297 314 1373 pluralis
331 1315 434 1372 parum
453 1303 549 1375 aptus,
572 1317 641 1356 nem
660 1317 751 1356 unam
769 1298 858 1356 modo
877 1318 938 1356 rem
961 1301 1113 1377 pracepit.
1132 1329 1173 1340 -

80 1397 216 1456 Vitiorum
245 1401 406 1460 multitudo
434 1399 526 1458 efficit
553 1405 588 1460 ut
616 1400 669 1462 666
692 1407 838 1478 quattuor
864 1421 968 1460 versus
995 1421 1055 1460 non
1076 1403 1173 1460 minus

81 1502 190 1577 spurios
212 1501 338 1560 babeam
360 1523 449 1580 quam
472 1504 629 1562 614-16.
676 1501 856 1562 Schmidtins
878 1523 980 1564 versus
1005 1505 1171 1563 866-810

80 1602 200 1662 damnat.
240 1603 333 1663 Putat
356 1605 581 1664 Palaestrionem
604 1605 632 1663 6.
656 1605 675 1662 l.
699 1606 772 1666 6666
794 1607 978 1684 praecepisse,
1003 1625 1067 1684 qua
1095 1608 1174 1666 1169

80 1725 136 1782 sqq.
166 1708 315 1783 leguntur,
349 1714 384 1766 nt
416 1713 515 1766 nautas
548 1707 653 1767 babitu
682 1709 805 1767 indutus
839 1708 877 1768 ad
905 1709 1027 1768 militem
1056 1709 1177 1768 accedat

80 1807 278 1870 Philocomaaii
302 1811 469 1870 arcessendi
493 1831 590 1883 causa,
605 1823 681 1870 'eum
705 1817 813 1884 autem,
837 1813 888 1889 qui
910 1811 1040 1870 fabulam
1063 1817 1175 1870 retrac-

79 1917 160 1986 taret,
183 1915 319 1988 genuinis
342 1915 443 1972 eiectis
466 1915 569 1992 spuria
590 1915 757 1974 inseruisse.
798 1914 911 1987 Quibus
934 1912 1069 1972 silidam
1092 1913 1175 1973 habi·

81 2016 135 2072 turi
163 2035 272 2090 sumus,
307 2016 446 2076 ostendet
475 2036 595 2075 necesse
623 2021 669 2076 est
690 2038 718 2076 v.
745 2019 825 2076 1169
849 2037 912 2094 sqq.
941 2035 999 2075 non
1028 2036 1082 2076 suo
1109 2018 1176 2076 loco

81 2119 185 2193 positos
218 2138 282 2178 essa
315 2121 347 2177 in
381 2119 466 2178 codd.
512 2118 568 2190 Qui
602 2120 739 2196 quoniam
773 2120 815 2178 ibi
843 2120 956 2177 nullam
985 2119 1176 2178 offensionem

81 2217 190 2293 habent,
213 2221 370 2280 Paloestrio
387 2222 415 2281 6.
429 2222 449 2279 l.
467 2221 541 2279 nibil
558 2222 640 2281 aliud
657 2222 761 2280 berum
778 2224 927 2280 monuisse
946 2221 1066 2281 videtur
1088 2243 1176 2300 quam

81 2327 111 2379 ut
132 2329 300 2382 constanter
322 2325 446 2383 amicam
468 2345 551 2384 suam
575 2323 645 2384 ficto
666 2327 785 2384 nomine
808 2324 982 2402 appellaret.

160 2428 304 2485 813-71
338 2430 456 2486 6666611.
501 2427 607 2486 Totam
635 2446 751 2486 scenam
775 2427 809 2485 F.
835 2425 978 2486 Schmidt.
1001 2428 1077 2486 Anu.
1101 2427 1175 2505 phil.

82 2527 133 2585 rol.
156 2531 250 2608 suppl.
274 2529 318 2588 IX
340 2549 370 2607 p.
396 2532 456 2588 379
481 2550 543 2606 sqq.
569 2530 605 2588 66
636 2531 692 2588 666
719 2529 822 2588 fabula
850 2530 976 2588 alienam
999 2535 1028 2587 et
1051 2549 1087 2589 ex
1110 2529 1176 2603 alia,

83 2647 159 2704 quam
181 2631 281 2691 Plauti
304 2631 395 2690 fuisse
419 2653 477 2690 non
501 2637 598 2706 negot,
622 2633 679 2690 huc
701 2632 877 2692 translatam
902 2651 964 2690 esse
988 2637 1095 2690 censat.
1134 2631 1177 2690 Ac

84 2751 145 2792 sane
166 2741 196 2792 et
217 2735 335 2794 inutilis
356 2741 401 2792 est
422 2755 476 2794 nec
498 2735 631 2808 Plautus,
656 2738 680 2795 si
704 2735 885 2807 Sceledrum,
910 2735 962 2812 qui
986 2737 1044 2794 583
1068 2753 1099 2793 66
1122 2735 1176 2792 ali-

85 2852 134 2908 quo
160 2837 362 2914 aufugiturum
391 2857 454 2896 asse
483 2839 569 2910 dixit,
603 2845 656 2896 aut
685 2843 801 2896 mutato
830 2839 952 2897 consilio
981 2844 1033 2896 ant
1060 2837 1178 2896 libidini

85 2936 226 2998 cedentem
250 2941 280 2998 in
304 2940 407 2998 cellam
430 2943 574 2999 vinariam
604 2941 686 2998 abire
713 2941 871 3013 voluisset,
900 2940 958 2999 hoc
985 2959 1044 2998 non
1067 2939 1179 2999 diserte

85 3043 289 3116 spectatoribus
313 3041 518 3120 significasset.
552 3043 649 3116 Quare
672 3063 720 3102 vv.
735 3044 880 3101 816-67
903 3043 1020 3102 seclusi.
1044 3071 1086 3082 -
1105 3043 1175 3102 815.
1234 3075 1236 3078 -

85 3141 242 3205 centuriati
270 3137 358 3220 deae,
392 3147 411 3204 i.
436 3167 460 3204 e.
484 3147 560 3205 bene
582 3149 613 3204 in
635 3145 754 3205 ordines
778 3146 945 3220 distributi,
979 3165 1007 3204 v.
1031 3145 1069 3204 ad
1092 3144 1176 3204 Curc.

87 3248 146 3305 185.
190 3249 256 3307 Ter.
281 3249 400 3308 Pborm.
426 3251 503 3308 230:
541 3248 644 3324 „Nunc
676 3251 761 3328 prior
795 3249 878 3308 adito
906 3254 955 3322 tn3
989 3267 1044 3326 ego
1072 3247 1120 3307 616
1147 3251 1178 3306 16

86 3350 190 3410 insidiis
218 3371 271 3409 ero
296 3349 553 3427 succenturiatus,
583 3355 609 3410 si
638 3353 710 3430 qnid
738 3349 888 3411 deficias“.
911 3379 954 3390 -
975 3345 1179 3427 manuplares

85 3449 193 3513 Parcus.
216 3483 260 3495 -
284 3455 355 3513 816.
378 3449 446 3514 aiai
466 3451 632 3532 nepotiana,
663 3475 702 3514 66.
728 3460 782 3528 est,
817 3454 898 3532 quod
919 3453 954 3512 R.
980 3453 1072 3528 addit,
1105 3456 1124 3512 i.
1150 3473 1175 3511 e.

32 3584 34 3592 =
85 3557 134 3613 nisi
154 3563 316 3634 occupatus
339 3577 378 3616 es.
405 3587 445 3598 -
468 3560 538 3616 817.
562 3557 654 3617 uocat
676 3557 724 3616 Br.
749 3557 902 3617 6611897
926 3557 1059 3633 aliisque.
1100 3555 1177 3614 Ede·

86 3655 163 3717 betur
197 3656 323 3736 ,noco“.
352 3689 394 3700 -
424 3661 495 3719 818.
525 3659 655 3720 Sceledri
688 3661 754 3719 1666
784 3662 846 3719 exit
873 3659 983 3718 Lucrio
1013 3677 1088 3735 puer
1116 3659 1179 3716 eius

28 3819 30 3824 .
86 3763 196 3839 inperio
220 3763 371 3822 subiectus
393 3763 441 3820 val
463 3765 600 3822 vicarius.
635 3777 747 3838 operae
769 3763 824 3837 est,
849 3761 926 3820 md
947 3763 1017 3820 254.
1044 3789 1080 3800 -
1107 3761 1177 3820 819.

86 3855 329 3925 Iliad...colai
351 3860 463 3936 dicere,
497 3884 525 3924 v.
550 3865 587 3924 ad
612 3867 661 3924 27.
691 3895 733 3906 -
762 3859 869 3924 stertit
890 3865 936 3923 ed.
959 3883 1004 3942 pr.
1034 3891 1077 3903 -
1106 3864 1177 3921 820.

88 3981 168 4042 qaam
188 3969 304 4028 Acidal.
329 3997 370 4008 -
393 3962 557 4027 6666166616
579 3964 680 4044 quasi,
712 3969 747 4027 cf.
772 3967 859 4027 Trnc.
885 3969 960 4026 560:
998 3966 1180 4040 ,adsimilest

88 4069 189 4144 qnaai“.
236 4071 325 4130 Poen.
352 4071 428 4130 823:
468 4089 553 4141 ,erus
577 4071 744 4142 consimilis,
767 4071 852 4130 uelut
874 4089 930 4145 ego
952 4069 1047 4127 babeo
1069 4065 1177 4127 bunc“.

89 4201 123 4212 -·
142 4173 248 4233 Lucrio
272 4175 437 4232 cretionem
460 4191 519 4231 666
542 4173 681 4246 absolvit,
711 4173 790 4250 quod
814 4191 868 4232 666
890 4193 907 4230 a
930 4171 1045 4248 vulgari
1068 4190 1179 4230 sermo·

90 4275 126 4333 uis
145 4295 250 4352 genere
272 4295 328 4334 nec
350 4275 386 4334 66
415 4275 534 4334 homine
556 4275 698 4335 subobrio
721 4275 872 4336 abhorret.
918 4275 1100 4334 Sententiam
1123 4273 1179 4332 sibi

92 4379 176 4450 quivis
197 4377 286 4437 facile
308 4379 459 4456 supplebit
484 4373 585 4454 (6166
601 4372 707 4454 1981),
730 4397 783 4436 666
806 4377 970 4436 Ritschelio
993 4376 1180 4436 concedimus

926 4508 972 4561 18*
