2978 5004
280 467 341 528 228
705 462 785 518 Miles
803 463 951 533 gloriosus.

278 659 339 718 444
362 677 427 735 sqq.
451 651 504 734 al.)
532 656 584 716 sed
612 659 642 717 iu
666 659 750 718 codd.
774 663 923 737 corrupta.
969 657 1086 736 Campis
1109 658 1298 720 Camerarius
1322 679 1377 717 nc·
1482 711 1483 752 ἶ

277 781 344 820 men
366 760 451 818 dedit
475 758 756 836 „Gorgostidcoiis“
782 763 866 838 quasi
890 781 907 819 a
930 763 1095 838 gurgustio,
1125 760 1251 820 Guiatus
1277 761 1377 836 „Gur-

276 859 432 942 gulicuiis“
457 857 590 940 (Brixiae
616 859 866 940 „Curculioniis“)
896 883 1001 942 parum
1029 865 1163 937 feliciter,
1194 863 1379 924 Bitschelins

276 973 328 1026 aut
365 963 630 1043 „Gorgonidoniis“
669 973 721 1026 ant
760 963 1033 1041 ,Crocodiloniiis“,
1067 987 1192 1044 qnorum
1226 969 1380 1044 posterius
1481 1005 1482 1014 .

276 1070 348 1128 mibi
369 1069 524 1148 probatur,
548 1069 599 1129 sed
623 1075 657 1129 ut
682 1063 916 1130 Curcodilouiia
938 1069 1072 1143 scribam,
1102 1089 1170 1128 nam
1193 1071 1378 1130 corcodilum

277 1173 375 1232 Latini
409 1171 557 1246 dicebant,
590 1192 619 1231 v.
648 1171 765 1250 Proleg.
794 1192 823 1249 p.
849 1175 925 1246 2093
959 1173 1083 1232 Plautus
1117 1179 1216 1232 autem
1250 1175 1379 1251 primam

160 1279 164 1298 '
275 1276 419 1352 syllabam
436 1295 492 1353 pro
509 1275 593 1334 brevi
611 1277 720 1355 posuit.
757 1275 897 1334 Ribbeck.
917 1295 996 1355 susp.
1020 1277 1086 1350 „uel
1099 1275 1312 1334 Curriculoniir
1331 1277 1380 1336 vel

275 1377 507 1438 Cruscnlidoniis
524 1381 608 1456 quasi
629 1398 749 1437 crurum
767 1399 945 1456 ossuumque
962 1376 1088 1456 plenia“.
1106 1407 1148 1420 -
1168 1379 1215 1437 14.
1234 1373 1378 1438 Baisto-

274 1477 429 1542 macutes
440 1481 547 1556 Pyladi
559 1481 693 1555 debetur,
711 1473 1253 1559 Clytemestoridyaorclidca(01ut.)
1263 1483 1379 1542 Ritsch-

277 1586 350 1658 elio;
375 1585 474 1663 proelii
491 1585 635 1662 strepitus
653 1591 683 1642 et
701 1585 856 1643 celebritas
874 1585 948 1644 male
964 1583 1137 1662 imperando
1158 1591 1246 1662 parta
1261 1585 1378 1660 signifi-

276 1693 369 1747 cetur.
405 1687 570 1746 Posteriori
587 1689 696 1746 nomini
709 1687 789 1764 qnod
806 1687 890 1746 codd.
904 1691 1034 1765 genetivi
1051 1688 1176 1745 formam
1188 1687 1272 1760 dant,
1291 1694 1381 1766 pater

276 1789 435 1864 significari
468 1791 579 1867 potuit,
614 1810 641 1849 v.
665 1790 753 1848 Riese
781 1793 811 1848 in
840 1790 916 1849 Mus.
940 1789 1033 1848 Rhen.
1062 1789 1134 1848 XXI
1162 1811 1191 1869 p.
1216 1791 1289 1863 478,
1326 1792 1381 1850 sed

277 1894 339 1954 vari
362 1893 487 1952 similius
509 1897 554 1950 eat
577 1911 740 1966 cognomen
762 1899 879 1971 poetam
902 1895 1044 1971 posuisse,
1075 1899 1108 1951 ut
1130 1892 1215 1953 Cure.
1239 1896 1312 1954 408.
1338 1923 1381 1934 -

279 1999 326 2056 15.
351 1989 497 2071 Neptuni
517 2009 631 2070 uep083
655 1997 820 2072 Antigonus
843 1995 981 2067 Gonatas,
1005 1995 1186 2054 Macedonia
1209 2017 1271 2073 rex,
1294 1997 1379 2076 Nep·

275 2101 342 2158 toni
374 2099 468 2158 filium
499 2098 644 2192 appellari
675 2119 705 2156 se
733 2100 836 2156 voluit.
860 2129 901 2139 -
928 2103 974 2158 16.
998 2114 1081 2172 cum,
1111 2099 1147 2157 of.
1173 2101 1243 2158 659.
1267 2099 1379 2158 Pseud.

282 2203 350 2261 157.
376 2203 447 2260 597.
492 2200 568 2260 Eun.
592 2221 639 2278 ap.
663 2200 722 2259 Cic.
746 2201 809 2260 Cat.
833 2222 870 2260 m.
897 2205 924 2274 1,
951 2205 980 2261 l:
1008 2202 1078 2276 „ille
1100 2205 1146 2260 vir
1169 2201 1247 2260 haud
1271 2223 1381 2279 magua

276 2325 342 2362 cum
364 2299 428 2363 re“.
453 2323 518 2363 ann.
543 2305 581 2362 ad
603 2303 683 2362 Men.
711 2306 800 2363 1017.
839 2300 939 2364 armis
962 2305 1008 2363 ad.
1031 2325 1076 2380 pr.
1100 2333 1142 2344 -·
1168 2307 1214 2364 17.
1239 2297 1380 2382 leyioues

275 2407 391 2467 Nonius
403 2425 432 2483 p.
447 2408 502 2465 37:
525 2407 665 2475 „Dilflare
678 2411 723 2464 est
733 2406 805 2466 flatu
819 2407 986 2466 disturbare
999 2403 1073 2466 cet.“
1088 2437 1130 2446 -
1144 2408 1192 2466 18.
1205 2407 1318 2467 autad.
1332 2429 1378 2485 pr.

277 2539 314 2554 -
334 2510 430 2582 Quum
443 2504 628 2584 peniculum
653 2507 822 2584 tectorum,
845 2511 865 2569 i.
886 2531 910 2569 a.
934 2510 1113 2588 penicillum,
1136 2530 1194 2587 quo
1217 2514 1380 2570 tectorium

276 2613 442 2692 parietibus
464 2613 624 2686 inducitur,
655 2612 791 2672 foliorum
815 2614 901 2672 modo
923 2611 1039 2672 difflarc
1067 2617 1187 2672 ventum
1209 2633 1267 2672 non
1289 2633 1381 2690 possa

276 2717 420 2777 vidissent
436 2717 493 2774 viri
505 2714 595 2792 docti,
612 2715 766 2774 Turnebus
780 2716 968 2794 „peniculum
979 2713 1155 2774 tectoriam“
1170 2717 1260 2775 scribi
1271 2719 1380 2788 voluit,
1482 2717 1483 2752 ³

277 2819 451 2880 arundinem
485 2818 654 2892 intelligens
688 2837 747 2896 qua
774 2817 952 2896 tegebantur
980 2819 1057 2878 aedes
1086 2818 1175 2892 (Bud.
1202 2816 1291 2893 123);
1327 2819 1381 2878 sed

276 2922 421 2999 paniculae
443 2921 613 2980 arundineae
635 2941 690 3000 pro
713 2921 906 2982 arundinibus
928 2923 999 2999 poni
1015 2941 1076 2980 non
1097 2927 1229 3000 possunt,
1253 2943 1283 2982 v.
1301 2923 1381 2982 Plin.

277 3025 313 3084 H.
333 3025 370 3083 ll.
394 3023 472 3097 Vlll,
499 3025 567 3083 11¹7.
602 3023 667 3083 Non
690 3025 800 3082 maiore
823 3027 886 3082 iure
909 3025 1069 3084 Salmasius
1091 3025 1262 3100 lanuginem
1287 3045 1380 3084 arun-

277 3129 378 3187 dinum
409 3127 569 3199 intellexit,
600 3147 688 3203 quam
716 3129 844 3186 tectorio
872 3129 1028 3186 admisceri
1055 3128 1171 3188 solitam
1200 3147 1264 3186 esse
1295 3128 1380 3200 dicit,

276 3229 355 3307 quod
388 3230 466 3288 unde
500 3231 575 3288 sciat
607 3231 723 3307 ignoro.
769 3230 998 3290 Permanserunt
1034 3235 1132 3289 umen
1166 3231 1196 3289 in
1230 3230 1383 3290 eiusmodi

277 3331 524 3404 enarrationibus,
547 3353 575 3390 v.
593 3333 719 3391 Lorenu.
738 3333 845 3392 Philol.
865 3333 950 3392 XXX
967 3353 996 3411 p.
1011 3335 1080 3407 598,
1106 3355 1139 3392 ac
1157 3333 1268 3392 Ritsch.
1290 3337 1382 3393 etiam

280 3431 485 3512 „paniculum“
517 3437 617 3494 eadem
651 3437 681 3496 vi
713 3437 841 3514 scripsit,
876 3439 960 3514 praef.
989 3437 1084 3496 Stichi
1112 3458 1141 3515 p.
1164 3435 1258 3496 XVII.
1304 3437 1384 3496 Mihi

269 3532 439 3612 peniculus
472 3537 658 3596 scribendum
692 3539 825 3612 videtur;
867 3540 996 3616 peniculi
1037 3542 1113 3598 enim
1142 3549 1187 3597 ost
1220 3543 1382 3600 tectorium
1481 3577 1482 3618 3

276 3661 331 3718 per
360 3645 455 3699 totum
486 3641 629 3714 parietem
658 3661 798 3718 spargere
826 3647 856 3698 et
885 3641 1058 3702 diffundere.
1084 3673 1120 3684 -
1149 3645 1196 3702 19.
1225 3639 1385 3720 quidemst

276 3745 311 3801 A.
335 3773 376 3784 -
400 3745 449 3802 20.
476 3736 602 3816 Procul,
632 3765 659 3802 v.
689 3745 727 3802 ad
756 3744 863 3822 Amph.
886 3747 1021 3805 3711-
1045 3745 1079 3804 tu
1100 3759 1179 3822 quae
1206 3761 1384 3823 numquam

277 3851 340 3916 cet,
375 3845 437 3903 haec
471 3847 621 3923 parasitus
654 3867 761 3906 secum.
792 3877 835 3887 -
863 3849 911 3906 22.
939 3842 1121 3925 ylort'uruuu
1153 3849 1313 3909 iactantiae.
1341 3881 1380 3892 -·

277 3963 369 4024 quam
404 3955 459 4006 cet.
495 3955 563 4026 post
595 3949 757 4010 ablativum
790 3949 956 4023 abundant,
991 3973 1018 4010 v.
1049 3952 1087 4010 ad
1115 3951 1196 4010 Asin.
1229 3953 1302 4013 432.
1341 3983 1381 3994 -

276 4045 359 4124 illim
389 4050 425 4108 dc
449 4053 563 4110 variato
594 4052 824 4112 demonstrativo
848 4055 879 4112 in
902 4053 1003 4112 eadam
1027 4073 1156 4132 persona
1179 4076 1206 4112 v.
1231 4054 1268 4112 ad
1292 4055 1381 4134 Capt.

277 4154 346 4212 543.
370 4181 413 4194 -
437 4155 486 4213 23.
511 4153 569 4211 Pro
602 4151 679 4228 ,et“,
711 4157 790 4232 qnod
813 4157 844 4214 in
872 4157 899 4214 A
928 4159 1068 4216 omissum
1096 4175 1159 4216 esse
1189 4157 1320 4231 videtur,
1353 4155 1383 4217 et'

275 4256 463 4315 scribendum
488 4277 550 4316 esee
574 4263 706 4335 apparet,
730 4259 810 4334 quod
833 4262 857 4317 si
879 4279 934 4337 pro
953 4259 1084 4336 spondeo
1102 4259 1221 4336 legitur,
1244 4265 1383 4321 senarius
1480 4265 1481 4300 3

276 4365 391 4417 constat
427 4377 491 4417 oum
525 4360 609 4418 hiatu
643 4363 673 4418 in
708 4379 829 4420 caesura.
890 4362 1018 4438 Haupt:
1068 4368 1202 4439 ,egomet
1234 4383 1280 4422 me
1316 4362 1382 4442 ei“;
