2960 5000
258 473 318 534 122
498 437 501 444 ’
770 465 863 522 rrsuu
1209 467 1230 535 1,
1247 468 1272 531 a.
1293 465 1386 520 c-eo

254 657 368 740 Neque
392 657 438 723 eis
461 657 530 722 ulla
552 656 691 724 ornandi
714 657 796 724 satis
819 657 957 724 satietas
981 665 1040 722 est.
1332 672 1386 725 arc

255 765 364 848 Atque
386 765 468 831 haec
490 773 528 832 ut
549 765 675 850 loquor,
698 787 784 832 nunc
807 766 904 831 domo
927 765 1027 834 docta
1048 765 1131 831 dioc.

256 871 340 960 Nam
364 895 426 940 nos
449 895 553 958 usque
577 873 619 940 ab
643 893 764 940 aurora
786 873 829 940 ad
851 873 914 940 hoc
937 874 1025 958 quod
1048 873 1113 940 diei
1136 881 1197 953 est,

256 981 305 1046 Ex
327 981 492 1048 industria
515 981 631 1048 ambas
654 1003 833 1066 numquam
855 1003 1084 1048 concessamus

256 1089 377 1156 Lauari
400 1097 457 1156 sut
479 1089 592 1156 fricari
615 1097 672 1156 aut
694 1091 816 1173 tergeri
838 1097 896 1156 aut
918 1093 1029 1156 ornari

256 1197 358 1264 Poliri
380 1199 517 1282 expoliri
540 1199 628 1282 pingi
651 1197 739 1280 fingi.
761 1205 796 1264 et
817 1219 882 1264 una

257 1307 359 1372 Binae
382 1306 519 1388 singulis
542 1325 627 1389 quae
651 1306 748 1372 datae
771 1307 865 1372 nobis
888 1308 1036 1386 ancillae,

257 1413 406 1480 Euenos
429 1413 574 1480 lanaudo
597 1414 736 1480 eluendo
760 1435 894 1498 operam
917 1415 1086 1494 dederunt,

257 1523 518 1606 Aggerundaque
542 1543 629 1606 aqua
651 1529 728 1588 sunt
750 1525 813 1588 uiri
837 1523 902 1589 duo
926 1521 1055 1590 defessi.

257 1633 368 1715 Apage
392 1634 445 1710 sis,
468 1632 579 1714 negoti
602 1639 762 1714 quantum
785 1633 817 1696 in
841 1631 976 1698 muliere
999 1651 1066 1696 una
1087 1633 1152 1697 esti

259 1739 323 1804 Sed
345 1761 425 1805 uero
449 1738 543 1818 duae,
567 1745 619 1804 sat
642 1741 718 1816 scic,
741 1760 891 1804 maxumo
916 1742 972 1805 uni

256 1847 382 1930 Populo
405 1846 577 1930 quoilubet
599 1847 672 1931 plus
697 1849 778 1912 satis
802 1847 880 1913 dare
903 1849 990 1932 potis
1012 1855 1095 1928 sunt,

258 1953 364 2038 [Quae
386 1961 499 2020 noctes
523 1954 655 2038 diesque
679 1957 766 2020 omni
789 1957 822 2020 in
846 1963 955 2022 aetate
978 1977 1107 2042 semper

259 2061 426 2128 Ornantur
448 2063 603 2128 leuantur
625 2069 795 2146 tergentur
817 2063 993 2148 poliuntur.

257 2171 424 2236 Postremo
449 2171 564 2237 modus
588 2171 754 2238 muliebris
776 2171 885 2237 nullus
909 2181 970 2252 ost,
993 2193 1099 2256 neque
1122 2193 1278 2257 umquam

257 2279 414 2344 Lauandc
438 2287 471 2344 et
492 2279 641 2344 fricando
665 2282 785 2345 scimus
809 2280 916 2346 facere
938 2279 1046 2361 finem3
1334 2299 1388 2352 auo

257 2388 342 2453 Nam
365 2409 449 2472 quse
471 2387 585 2454 leuata
607 2395 666 2468 est,
688 2391 753 2454 nisi
775 2389 926 2474 perculta
950 2397 1008 2466 est,
1033 2409 1103 2454 meo
1122 2389 1255 2476 quidem
1273 2393 1386 2456 animo

1025 2499 1119 2582 quasi
1142 2498 1269 2564 inculta
1291 2497 1369 2582 est]

680 2691 956 2756 Anterastilis

259 2799 361 2864 Miror
383 2800 533 2882 equidem
557 2808 600 2880 te,
623 2821 725 2878 soror,
749 2801 851 2864 istaec
874 2799 1025 2878 fabulari,

260 2908 352 2985 Quae
375 2915 443 2972 tam
467 2907 587 2974 callida
610 2914 643 2972 et
666 2908 763 2972 docta
786 2909 831 2972 sia
854 2914 887 2972 ot
909 2907 1027 2974 faceta.

260 3013 345 3080 Nam
368 3037 465 3100 quom
489 3017 602 3082 sedulo
626 3015 792 3080 munditer
814 3037 873 3080 nos
897 3015 1065 3096 habemus,

262 3123 324 3188 Uis
346 3145 507 3207 aegreque
531 3124 752 3190 amatorculos
775 3125 968 3189 inuenimus.

675 3323 964 3402 Adelphasium

263 3431 313 3496 Ita
336 3438 400 3513 eat;
423 3454 536 3499 uerum
560 3431 621 3497 hoc
644 3452 743 3496 unum
766 3437 878 3496 tamen
901 3431 1060 3511 cogitato:

262 3537 393 3622 [Modus
417 3540 565 3606 omnibus
588 3541 695 3618 rebus,
721 3561 820 3618 soror,
844 3545 1013 3623 optumum
1037 3545 1087 3604 est
1109 3533 1248 3620 habitu]

262 3647 371 3714 Nimia
393 3650 501 3714 omnia
523 3649 658 3713 nimium
682 3647 837 3712 exhibent
858 3647 970 3731 negoti
993 3645 1180 3712 hominibus
1203 3665 1243 3710 ex
1266 3665 1310 3710 se.

330 3923 380 3974 213
399 3919 548 3974 ordinandi
566 3917 594 3972 Β
698 3919 850 3972 ammodo
946 3921 997 3972 218
1016 3918 1203 3985 anteponitur:
1232 3919 1390 3988 Postquam

263 4025 363 4062 aurora
389 4006 480 4060 illuxit
506 4021 658 4072 numquam
677 4005 900 4058 consessauimus
988 4005 1125 4057 218-282
1147 4005 1178 4057 in
1194 4003 1222 4056 B
1239 4011 1392 4071 ponuntur

258 4099 324 4162 post
338 4094 391 4147 349
456 4093 506 4144 219
524 4089 653 4143 aufricari
671 4088 699 4143 B
768 4092 819 4143 222
837 4089 878 4143 Ea
938 4091 988 4144 223
1006 4088 1180 4158 Aggernnda
1198 4105 1269 4156 qnae
1337 4091 1391 4143 227

262 4177 292 4232 in
310 4175 426 4232 omniG
497 4177 548 4229 228
566 4175 745 4244 piliunturO
816 4177 867 4230 230
885 4174 1073 4230 iacerenniam
1090 4173 1125 4242 Β,
1145 4171 1280 4228 faceret}
1338 4177 1389 4228 231

263 4279 320 4330 qua
338 4263 447 4318 elacata
464 4261 500 4326 B,
519 4278 574 4329 qua
593 4259 744 4314 elauatsO
805 4261 910 4314 iniusta
927 4261 963 4330 B,
982 4259 1127 4315 iniuntaO
1189 4261 1241 4313 232
1260 4277 1342 4314 soror
1361 4269 1391 4316 te

333 4348 402 4400 istae
421 4347 461 4400 sio
480 4346 507 4398 B
582 4347 632 4400 236
650 4347 778 4415 cogitato
796 4346 823 4402 Β
897 4346 948 4400 237
965 4343 1100 4400 modisG
1174 4346 1225 4398 288
1242 4346 1391 4414 negotium
