2982 5020
544 509 576 562 v.
595 512 737 565 ese-272.
1137 517 1198 579 307

56 701 214 776 scripsit3
242 705 342 780 aptius
365 707 442 789 esset
471 705 536 777 „An
560 701 647 762 non“.
700 704 793 782 Gepp.
818 705 974 764 iambicum
997 708 1198 783 septenarium

56 803 248 863 constitnit:
274 804 368 880 „Num
393 827 437 864 me
460 805 545 864 decet
568 805 642 864 cedo
666 806 768 864 donari
791 809 854 865 uini
873 806 1006 866 ueteris?
1030 807 1078 866 dic
1097 803 1196 882 dori“;

57 904 195 965 Muller.
219 907 302 966 Prcs.
326 930 354 987 p.
381 911 419 966 74
442 909 621 982 trocheicos;
656 910 708 968 sed
731 911 791 969 258
816 915 917 986 operte
948 911 1121 970 beochiecue
1143 915 1196 984 est,

58 1009 124 1066 nisi
162 1017 217 1068 aut
243 1013 333 1069 verbe
361 1017 596 1088 transponuntur
626 1019 679 1070 eut
703 1007 795 1088 „ego“
822 1012 946 1072 deletur.
992 1008 1110 1072 excidit
1130 1015 1197 1072 ulti·

59 1131 151 1171 mem
177 1113 324 1190 producit,
347 1115 504 1190 uProleg.
523 1135 551 1192 p.
568 1117 637 1174 196.
654 1145 697 1155 -
719 1109 783 1175 Dic
806 1111 887 1188 dari,
911 1116 946 1174 cf.
968 1115 1004 1174 ed
1023 1117 1106 1174 Asin.
1125 1117 1196 1174 439.

163 1217 225 1275 259
249 1236 313 1293 sqq.
331 1217 473 1276 trochaici
490 1219 660 1295 septenarii.
696 1211 893 1292 obmutuisti,
917 1219 966 1276 vel
986 1213 1196 1294 „obstipuisti“

60 1316 204 1391 Comen,
224 1319 260 1376 ei.
278 1319 342 1378 Mil.
365 1321 458 1378 1247:
485 1320 582 1394 „Quid
604 1319 746 1379 adstitisti
769 1317 966 1397 obstupide?“
1013 1319 1081 1378 Ter.
1104 1321 1196 1403 Andr.

62 1421 146 1478 256.
185 1421 241 1480 Ad.
266 1424 336 1480 613.
372 1421 510 1493 Redslob‚
534 1423 631 1497 Symb.
656 1425 721 1482 crit.
749 1419 957 1500 „opsticuieti“
982 1425 1057 1482 coni.
1080 1453 1122 1462 -
1144 1438 1197 1498 op·

62 1515 178 1598 turba,
208 1524 244 1582 cf.
267 1525 335 1582 Ter.
358 1526 450 1584 Andr.
476 1527 547 1584 926.
578 1553 618 1564 -
648 1540 684 1585 ac
706 1525 771 1586 tuce
793 1525 871 1584 Cum.
898 1557 937 1566 —
967 1527 1036 1584 262.
1067 1526 1197 1599 muniat,

62 1626 105 1683 cf.
137 1627 180 1685 ad
202 1626 290 1685 Most.
318 1629 386 1686 113.
416 1657 456 1668 -
487 1629 556 1686 264.
595 1621 774 1702 „Prosedus
803 1630 972 1688 meretrices
994 1628 1118 1688 Plautus
1147 1649 1197 1708 ep·

63 1729 186 1804 pellet,
216 1749 280 1807 ques
309 1735 377 1787 ente
400 1731 516 1788 stabula
538 1731 675 1803 sedeant;
710 1731 819 1788 eudem
842 1737 872 1790 et
893 1728 1092 1809 prostibnle·“,
1115 1729 1196 1791 Fest.

64 1831 130 1910 Ep.
151 1853 180 1911 p.
196 1834 255 1890 226
279 1825 329 1908 (cf.
343 1855 371 1891 v.
386 1827 472 1908 266.)
517 1832 599 1890 Idem
617 1854 646 1910 p.
666 1835 699 1891 7:
732 1827 904 1908 „Alicarioe
926 1836 1097 1892 meretrices
1120 1835 1197 1893 dice-

67 1933 185 1993 bantur
220 1937 251 1993 in
283 1933 443 2012 Campania
476 1935 572 1994 solitus
605 1940 671 1993 ente
705 1937 832 2012 pistrino
864 1937 1051 1996 eliceriorum
1084 1939 1198 1996 versari

66 2043 208 2114 quaeetus
225 2039 331 2113 gretie,
355 2038 503 2110 sicuthee,
526 2056 591 2114 quae
613 2045 682 2096 ente
704 2039 823 2097 stabulo
845 2037 999 2111 sedebunt,
1024 2039 1199 2098 dicebantur

67 2137 273 2216 prostibule“.
318 2140 427 2199 Verum
450 2161 509 2199 non
531 2141 706 2218 simpliciter
729 2143 857 2200 elicariae
880 2141 1027 2214 dicuntur,
1050 2143 1101 2200 sed
1123 2137 1198 2201 reti·

68 2239 163 2319 quiae
184 2237 333 2315 ulicurioe,
363 2245 382 2302 i.
406 2263 431 2300 e.
455 2244 589 2320 reliquie
611 2245 673 2302 sive
696 2244 847 2303 residuum
869 2245 961 2317 elicae,
993 2245 1071 2321 quod
1093 2251 1197 2318 restet,

69 2345 126 2404 ubi
162 2365 248 2404 sucus
280 2346 350 2403 inde
384 2351 533 2404 extractus
567 2351 625 2418 eet,
659 2353 693 2405 ut
719 2346 810 2406 fiebet
837 2347 874 2406 ed
903 2347 1075 2406 sorbitionis
1103 2368 1196 2408 usum.

70 2449 149 2507 Cum
171 2450 225 2507 teli
252 2450 374 2507 residuo
399 2453 607 2525 comparentur
629 2451 808 2521 meretrices,
840 2469 963 2526 querum
986 2448 1039 2508 flos
1061 2453 1120 2510 iam
1143 2451 1197 2510 du·

71 2551 147 2609 dum
176 2553 333 2629 decerptus
361 2557 415 2609 eet.
446 2581 483 2591 -
520 2553 589 2610 265.
624 2547 754 2610 schoeno
783 2546 938 2610 delibutus
965 2555 1094 2626 pessimo
1124 2571 1198 2628 ung·

69 2656 159 2712 uenti
187 2674 295 2730 genere
318 2653 452 2712 medidus
475 2658 595 2712 enarret
618 2653 697 2713 Fest.
723 2656 793 2729 329,
818 2660 938 2712 auctore
961 2654 1088 2730 quodem
1111 2656 1198 2715 modo

72 2759 209 2816 Varrone
238 2757 272 2815 L.
296 2756 329 2815 L.
353 2755 417 2828 VII,
443 2757 498 2828 64,
534 2759 585 2837 qui
615 2757 652 2814 ed
680 2757 827 2816 Cisteller.
853 2758 927 2816 299:
966 2753 1195 2830 „schoenicolre“

73 2865 118 2919 ait
152 2861 208 2934 „ab
239 2859 366 2918 schoeno
398 2861 555 2935 nugatorio
586 2857 770 2934 unguento“.
826 2859 898 2918 Tele
932 2861 1074 2934 unguenti
1106 2879 1197 2938 genus

74 2964 227 3023 Meureius
249 2965 313 3020 iure
335 2964 457 3038 negavit
478 2981 616 3039 umquem
638 2963 742 3036 fiusse;
777 2964 830 3021 sed
853 2963 933 3038 quod
953 2959 1079 3037 „ceeno“
1107 2964 1196 3022 scribi

75 3068 141 3124 vult
163 3066 230 3124 coll.
249 3067 325 3124 825:
355 3083 465 3138 „coeno
488 3061 643 3137 conlitue“‚
667 3067 753 3124 nimis
776 3067 892 3142 spernit
915 3067 1103 3141 antiquorum
1126 3087 1195 3125 000-

73 3171 241 3226 toritetem.
276 3167 426 3226 Schoenus
448 3167 551 3226 iuncus
574 3173 626 3240 est,
650 3167 730 3226 unde
752 3165 862 3228 fiehont
883 3173 1004 3245 tegetes.
1045 3167 1113 3226 Haec
1135 3188 1196 3226 ser-

75 3291 181 3330 vorum
205 3270 314 3328 cubilia
336 3275 436 3342 erent,
459 3289 486 3328 v.
510 3269 662 3347 Aristoph.
685 3269 765 3328 Plut.
791 3273 866 3330 541:
902 3271 959 3326 cirri
981 3271 1009 3326 de*
1031 3273 1119 3342 κλίνης
1142 3293 1196 3328 cu»

75 3376 145 3450 βάῦα
170 3377 294 3446 σχοίνων,
318 3377 348 3429 et
370 3372 562 3432 schoenicolae
586 3373 775 3450 appellentur
798 3375 965 3433 meretrices
988 3373 1098 3432 talibus
1118 3375 1196 3432 cubi-

75 3477 154 3535 libus
177 3481 332 3539 consuete.
388 3473 506 3534 Eudem
530 3476 558 3534 h.
581 3475 601 3534 l.
624 3475 750 3534 schoeno
773 3479 858 3551 quasi
880 3481 1033 3554 unguento
1057 3476 1197 3540 delibutae

77 3581 224 3650 dicuntur,
248 3580 267 3636 i.
281 3597 306 3636 e.
319 3577 409 3636 odore
432 3583 463 3635 et
483 3596 554 3638 suco
575 3579 728 3637 iuncorum
749 3579 876 3637 nondum
896 3581 1071 3637 siccatorum
1090 3579 1194 3656 plcuoe.

76 3713 117 3722 —
145 3675 358 3755 semidoctus,
392 3683 443 3758 qui
473 3680 605 3754 servilio,
640 3681 659 3738 i.
685 3699 708 3736 e.
738 3699 853 3752 servos,
888 3681 998 3740 colunt.
1055 3681 1194 3740 Teubn:

80 3781 318 3858 „seruolicolss“.
353 3813 395 3822 -—
429 3783 499 3841 266.
535 3775 691 3842 stabulum
724 3781 915 3859 statumque,
953 3789 987 3842 ut
1019 3783 1194 3860 prostibulo.

78 3881 189 3946 sellum
211 3885 241 3944 et
262 3877 451 3946 sessibulum
473 3885 575 3945 eodem
598 3887 758 3963 pertinent,
782 3885 816 3942 cf.
840 3883 941 3942 quen.
967 3885 995 3958 3,
1021 3887 1099 3944 136:
1125 3885 1221 3960 „du-·

80 3991 154 4048 bites
177 3989 237 4047 alte
260 3988 401 4047 Ohicnem
424 3988 569 4047 deducere
598 3984 700 4046 selle“.
731 4017 768 4027 -
802 3989 872 4046 268.
902 3979 1084 4062 diobolariu,
1111 4007 1195 4065 „quoe

79 4093 194 4150 duobus
218 4087 331 4150 oholis“
356 4085 502 4167 (ὁνωβόλῳ)
528 4088 712 4165 „ducuntur“
737 4091 818 4150 Fest.
842 4090 896 4167 sp.
920 4111 950 4168 p.
976 4091 1025 4165 74,
1050 4091 1085 4150 ci.
1111 4091 1193 4150 Verr.

80 4196 97 4251 l.
117 4195 136 4252 l.
163 4193 350 4268 „diohclores
374 4213 392 4252 0
413 4195 491 4252 binis
514 4189 639 4254 obolis“.
657 4224 699 4232 —
722 4193 792 4252 270.
816 4207 940 4268 eautpse
962 4193 1040 4252 Oem.
1061 4223 1099 4234 -
1123 4196 1194 4254 272.

83 4291 199 4370 (300000
217 4289 346 4354 nebulae
362 4295 557 4370 iungendum
582 4295 719 4354 nebulum
744 4297 935 4373 contemptim
959 4295 1032 4352 dicit
1049 4296 1193 4370 virginem

942 4409 1071 4462 20²¹·
