<?xml version="1.0" encoding="UTF-8"?>
<!DOCTYPE html PUBLIC "-//W3C//DTD XHTML 1.0 Transitional//EN"
    "http://www.w3.org/TR/xhtml1/DTD/xhtml1-transitional.dtd">
<html xmlns="http://www.w3.org/1999/xhtml" xml:lang="en" lang="en">
 <head>
  <title>
</title>
<meta http-equiv="Content-Type" content="text/html;charset=utf-8" />
  <meta name='ocr-system' content='tesseract 3.04.00' />
  <meta name='ocr-capabilities' content='ocr_page ocr_carea ocr_par ocr_line ocrx_word'/>
</head>
<body>
  <div class='ocr_page' id='page_1' title='image "./tmacciiplautico01ussigoog_0495.png"; bbox 0 0 2960 5000; ppageno 0'>
   <div class='ocr_carea' id='block_1_1' title="bbox 179 446 860 512">
    <p class='ocr_par' dir='ltr' id='par_1_1' title="bbox 179 446 860 512">
     <span class='ocr_line' id='line_1_1' title="bbox 179 446 860 512; baseline -0.016 1"><span class='ocrx_word' id='word_1_1' title='bbox 179 454 184 462; x_wconf 88' lang='lat'>&#39;</span> <span class='ocrx_word' id='word_1_2' title='bbox 259 449 319 512; x_wconf 77' lang='lat'>120</span> <span class='ocrx_word' id='word_1_3' title='bbox 769 446 860 504; x_wconf 75' lang='lat' dir='ltr'>Plauti</span> 
     </span>
    </p>
   </div>
   <div class='ocr_carea' id='block_1_2' title="bbox 135 637 1374 1480">
    <p class='ocr_par' dir='ltr' id='par_1_2' title="bbox 135 637 1374 1480">
     <span class='ocr_line' id='line_1_2' title="bbox 733 637 906 720; baseline 0 -18"><span class='ocrx_word' id='word_1_4' title='bbox 733 637 906 720; x_wconf 76' lang='lat' dir='ltr'><em>Milphio</em></span> 
     </span>
     <span class='ocr_line' id='line_1_3' title="bbox 256 742 1003 828; baseline 0.005 -20"><span class='ocrx_word' id='word_1_5' title='bbox 256 742 394 825; x_wconf 75' lang='lat' dir='ltr'>Regem,</span> <span class='ocrx_word' id='word_1_6' title='bbox 418 763 531 808; x_wconf 88' lang='lat' dir='ltr'>seruos</span> <span class='ocrx_word' id='word_1_7' title='bbox 554 745 723 810; x_wconf 88' lang='lat' dir='ltr'>ueneritne</span> <span class='ocrx_word' id='word_1_8' title='bbox 745 744 788 810; x_wconf 85' lang='lat' dir='ltr'>ed</span> <span class='ocrx_word' id='word_1_9' title='bbox 812 767 885 811; x_wconf 91' lang='lat' dir='ltr'>eum</span> <span class='ocrx_word' id='word_1_10' title='bbox 908 753 1003 828; x_wconf 90' lang='lat' dir='ltr'>tuus;</span> 
     </span>
     <span class='ocr_line' id='line_1_4' title="bbox 256 849 975 936; baseline 0.006 -22"><span class='ocrx_word' id='word_1_11' title='bbox 256 849 316 915; x_wconf 90' lang='lat' dir='ltr'>Ille</span> <span class='ocrx_word' id='word_1_12' title='bbox 339 871 390 916; x_wconf 92' lang='lat' dir='ltr'>me</span> <span class='ocrx_word' id='word_1_13' title='bbox 414 850 561 916; x_wconf 84' lang='lat' dir='ltr'>censebit</span> <span class='ocrx_word' id='word_1_14' title='bbox 583 854 715 936; x_wconf 77' lang='lat' dir='ltr'>quaeri5</span> <span class='ocrx_word' id='word_1_15' title='bbox 738 855 891 920; x_wconf 85' lang='lat' dir='ltr'>continuo</span> <span class='ocrx_word' id='word_1_16' title='bbox 914 854 975 920; x_wconf 92' lang='lat' dir='ltr'>tibi</span> 
     </span>
     <span class='ocr_line' id='line_1_5' title="bbox 256 957 1074 1049; baseline 0.01 -27"><span class='ocrx_word' id='word_1_17' title='bbox 256 957 408 1040; x_wconf 74' lang='lat' dir='ltr'>Negabit.</span> <span class='ocrx_word' id='word_1_18' title='bbox 455 957 538 1035; x_wconf 83' lang='lat' dir='ltr'>Quid</span> <span class='ocrx_word' id='word_1_19' title='bbox 561 967 598 1026; x_wconf 91' lang='lat' dir='ltr'>tu</span> <span class='ocrx_word' id='word_1_20' title='bbox 622 961 763 1040; x_wconf 77' lang='lat' dir='ltr'>dubitas,</span> <span class='ocrx_word' id='word_1_21' title='bbox 787 963 866 1044; x_wconf 89' lang='lat' dir='ltr'>quin</span> <span class='ocrx_word' id='word_1_22' title='bbox 888 963 1074 1049; x_wconf 80' lang='lat' dir='ltr'>extempulo</span> 
     </span>
     <span class='ocr_line' id='line_1_6' title="bbox 135 1067 1051 1150; baseline 0.013 -24"><span class='ocrx_word' id='word_1_23' title='bbox 135 1119 138 1125; x_wconf 81' lang='grc'><em>,</em></span> <span class='ocrx_word' id='word_1_24' title='bbox 257 1067 356 1150; x_wconf 91' lang='lat' dir='ltr'>Dupli</span> <span class='ocrx_word' id='word_1_25' title='bbox 379 1067 449 1146; x_wconf 89' lang='lat' dir='ltr'>tibi,</span> <span class='ocrx_word' id='word_1_26' title='bbox 471 1069 543 1133; x_wconf 85' lang='lat' dir='ltr'>suri</span> <span class='ocrx_word' id='word_1_27' title='bbox 567 1073 601 1133; x_wconf 90' lang='lat' dir='ltr'>et</span> <span class='ocrx_word' id='word_1_28' title='bbox 623 1068 773 1147; x_wconf 88' lang='lat' dir='ltr'>hominis,</span> <span class='ocrx_word' id='word_1_29' title='bbox 797 1069 849 1134; x_wconf 84' lang='lat' dir='ltr'>sur</span> <span class='ocrx_word' id='word_1_30' title='bbox 870 1069 944 1136; x_wconf 88' lang='lat' dir='ltr'>leno</span> <span class='ocrx_word' id='word_1_31' title='bbox 967 1074 1051 1138; x_wconf 79' lang='lat' dir='ltr'>siet?</span> 
     </span>
     <span class='ocr_line' id='line_1_7' title="bbox 257 1174 1374 1262; baseline 0.013 -22"><span class='ocrx_word' id='word_1_32' title='bbox 257 1174 371 1257; x_wconf 83' lang='lat' dir='ltr'>Neque</span> <span class='ocrx_word' id='word_1_33' title='bbox 395 1175 429 1240; x_wconf 92' lang='lat' dir='ltr'>id</span> <span class='ocrx_word' id='word_1_34' title='bbox 451 1175 539 1241; x_wconf 90' lang='lat' dir='ltr'>unde</span> <span class='ocrx_word' id='word_1_35' title='bbox 563 1175 703 1252; x_wconf 73' lang='lat' dir='ltr'>obiiciat,</span> <span class='ocrx_word' id='word_1_36' title='bbox 726 1176 836 1242; x_wconf 77' lang='lat' dir='ltr'>habet.</span> <span class='ocrx_word' id='word_1_37' title='bbox 882 1178 945 1244; x_wconf 91' lang='lat' dir='ltr'>Ubi</span> <span class='ocrx_word' id='word_1_38' title='bbox 969 1183 1002 1245; x_wconf 89' lang='grc'>18</span> <span class='ocrx_word' id='word_1_39' title='bbox 1025 1183 1076 1246; x_wconf 89' lang='lat' dir='ltr'>ius</span> <span class='ocrx_word' id='word_1_40' title='bbox 1099 1185 1237 1262; x_wconf 79' lang='lat' dir='ltr'>uenerit,</span> <span class='ocrx_word' id='word_1_41' title='bbox 1325 1201 1374 1254; x_wconf 78' lang='lat'>185</span> 
     </span>
     <span class='ocr_line' id='line_1_8' title="bbox 257 1282 958 1367; baseline 0.007 -20"><span class='ocrx_word' id='word_1_42' title='bbox 257 1282 398 1348; x_wconf 83' lang='lat' dir='ltr'>Addioet</span> <span class='ocrx_word' id='word_1_43' title='bbox 419 1290 552 1367; x_wconf 78' lang='lat' dir='ltr'>praetor</span> <span class='ocrx_word' id='word_1_44' title='bbox 573 1284 732 1351; x_wconf 82' lang='lat' dir='ltr'>ismiliem</span> <span class='ocrx_word' id='word_1_45' title='bbox 755 1293 861 1352; x_wconf 77' lang='lat' dir='ltr'>totam</span> <span class='ocrx_word' id='word_1_46' title='bbox 883 1287 958 1352; x_wconf 89' lang='lat' dir='ltr'>tibi:</span> 
     </span>
     <span class='ocr_line' id='line_1_9' title="bbox 257 1391 979 1480; baseline 0.007 -25"><span class='ocrx_word' id='word_1_47' title='bbox 257 1391 309 1456; x_wconf 83' lang='lat' dir='ltr'>Ite</span> <span class='ocrx_word' id='word_1_48' title='bbox 331 1391 533 1477; x_wconf 78' lang='lat' dir='ltr'>decipiemus</span> <span class='ocrx_word' id='word_1_49' title='bbox 555 1392 653 1458; x_wconf 70' lang='lat' dir='ltr'>lousa</span> <span class='ocrx_word' id='word_1_50' title='bbox 674 1394 824 1460; x_wconf 87' lang='lat' dir='ltr'>lenonem</span> <span class='ocrx_word' id='word_1_51' title='bbox 847 1393 979 1480; x_wconf 82' lang='lat' dir='ltr'>Lycum.</span> 
     </span>
    </p>
   </div>
   <div class='ocr_carea' id='block_1_3' title="bbox 256 1554 1236 2086">
    <p class='ocr_par' dir='ltr' id='par_1_3' title="bbox 256 1554 1236 2086">
     <span class='ocr_line' id='line_1_10' title="bbox 673 1554 966 1637; baseline -0.003 -17"><span class='ocrx_word' id='word_1_52' title='bbox 673 1554 966 1637; x_wconf 73' lang='lat' dir='ltr'>Aporostooles</span> 
     </span>
     <span class='ocr_line' id='line_1_11' title="bbox 256 1659 576 1727; baseline 0 -2"><span class='ocrx_word' id='word_1_53' title='bbox 256 1659 370 1726; x_wconf 77' lang='lat' dir='ltr'>Placet</span> <span class='ocrx_word' id='word_1_54' title='bbox 392 1659 576 1727; x_wconf 88' lang='lat' dir='ltr'>consilium.</span> 
     </span>
     <span class='ocr_line' id='line_1_12' title="bbox 732 1786 909 1868; baseline 0.006 -17"><span class='ocrx_word' id='word_1_55' title='bbox 732 1786 909 1868; x_wconf 77' lang='lat' dir='ltr'>Milphio</span> 
     </span>
     <span class='ocr_line' id='line_1_13' title="bbox 616 1893 1143 1980; baseline 0.006 -21"><span class='ocrx_word' id='word_1_56' title='bbox 616 1893 719 1960; x_wconf 86' lang='lat' dir='ltr'>Immo</span> <span class='ocrx_word' id='word_1_57' title='bbox 743 1896 842 1960; x_wconf 83' lang='lat' dir='ltr'>etiem</span> <span class='ocrx_word' id='word_1_58' title='bbox 865 1894 923 1960; x_wconf 93' lang='lat' dir='ltr'>ubi</span> <span class='ocrx_word' id='word_1_59' title='bbox 946 1895 1143 1980; x_wconf 82' lang='lat' dir='ltr'>expoliuero,</span> 
     </span>
     <span class='ocr_line' id='line_1_14' title="bbox 256 2003 1236 2086; baseline 0.002 -16"><span class='ocrx_word' id='word_1_60' title='bbox 256 2003 360 2086; x_wconf 76' lang='lat' dir='ltr'>Magis</span> <span class='ocrx_word' id='word_1_61' title='bbox 382 2005 445 2070; x_wconf 90' lang='lat' dir='ltr'>hoe</span> <span class='ocrx_word' id='word_1_62' title='bbox 467 2009 536 2069; x_wconf 89' lang='lat' dir='ltr'>tum</span> <span class='ocrx_word' id='word_1_63' title='bbox 560 2003 689 2068; x_wconf 90' lang='lat' dir='ltr'>demum</span> <span class='ocrx_word' id='word_1_64' title='bbox 713 2003 819 2083; x_wconf 86' lang='lat' dir='ltr'>dioes;</span> <span class='ocrx_word' id='word_1_65' title='bbox 841 2023 928 2069; x_wconf 88' lang='lat' dir='ltr'>nunc</span> <span class='ocrx_word' id='word_1_66' title='bbox 951 2007 1051 2071; x_wconf 84' lang='lat' dir='ltr'>etiem</span> <span class='ocrx_word' id='word_1_67' title='bbox 1072 2005 1153 2070; x_wconf 88' lang='lat' dir='ltr'>rude</span> <span class='ocrx_word' id='word_1_68' title='bbox 1176 2013 1236 2072; x_wconf 89' lang='lat' dir='ltr'>est.</span> 
     </span>
    </p>
   </div>
   <div class='ocr_carea' id='block_1_4' title="bbox 193 2163 1369 2854">
    <p class='ocr_par' dir='ltr' id='par_1_4' title="bbox 193 2163 1369 2854">
     <span class='ocr_line' id='line_1_15' title="bbox 291 2163 961 2254; baseline 0.003 -29"><span class='ocrx_word' id='word_1_69' title='bbox 291 2247 295 2254; x_wconf 23' lang='lat'>¹</span> <span class='ocrx_word' id='word_1_70' title='bbox 671 2163 961 2245; x_wconf 72' lang='lat' dir='ltr'>Aqorostootes</span> 
     </span>
     <span class='ocr_line' id='line_1_16' title="bbox 256 2268 1369 2358; baseline 0.004 -21"><span class='ocrx_word' id='word_1_71' title='bbox 256 2271 327 2356; x_wconf 86' lang='lat' dir='ltr'>Ego</span> <span class='ocrx_word' id='word_1_72' title='bbox 350 2273 383 2336; x_wconf 90' lang='lat' dir='ltr'>iu</span> <span class='ocrx_word' id='word_1_73' title='bbox 407 2271 519 2337; x_wconf 82' lang='lat' dir='ltr'>eedem</span> <span class='ocrx_word' id='word_1_74' title='bbox 543 2268 680 2336; x_wconf 89' lang='lat' dir='ltr'>Ue&#39;neris</span> <span class='ocrx_word' id='word_1_75' title='bbox 704 2291 752 2350; x_wconf 87' lang='lat' dir='ltr'>eo,</span> <span class='ocrx_word' id='word_1_76' title='bbox 774 2271 836 2336; x_wconf 87' lang='lat' dir='ltr'>uisi</span> <span class='ocrx_word' id='word_1_77' title='bbox 860 2272 938 2355; x_wconf 92' lang='lat' dir='ltr'>quid</span> <span class='ocrx_word' id='word_1_78' title='bbox 962 2273 1021 2352; x_wconf 90' lang='lat' dir='ltr'>uis,</span> <span class='ocrx_word' id='word_1_79' title='bbox 1043 2271 1190 2358; x_wconf 86' lang='lat' dir='ltr'>Milphio.</span> <span class='ocrx_word' id='word_1_80' title='bbox 1327 2289 1369 2342; x_wconf 81' lang='lat'>190</span> 
     </span>
     <span class='ocr_line' id='line_1_17' title="bbox 193 2379 682 2465; baseline -0.004 -20"><span class='ocrx_word' id='word_1_81' title='bbox 193 2389 196 2400; x_wconf 91' lang='lat'>&#39;</span> <span class='ocrx_word' id='word_1_82' title='bbox 257 2379 455 2465; x_wconf 78' lang='lat' dir='ltr'>Aphrodisia</span> <span class='ocrx_word' id='word_1_83' title='bbox 477 2379 574 2445; x_wconf 91' lang='lat' dir='ltr'>hodie</span> <span class='ocrx_word' id='word_1_84' title='bbox 598 2385 682 2445; x_wconf 90' lang='lat' dir='ltr'>sunt.</span> 
     </span>
     <span class='ocr_line' id='line_1_18' title="bbox 730 2521 906 2602; baseline 0 -16"><span class='ocrx_word' id='word_1_85' title='bbox 730 2521 906 2602; x_wconf 76' lang='lat' dir='ltr'>Milphio</span> 
     </span>
     <span class='ocr_line' id='line_1_19' title="bbox 742 2628 825 2694; baseline -0.012 0"><span class='ocrx_word' id='word_1_86' title='bbox 742 2628 825 2694; x_wconf 85' lang='lat' dir='ltr'>Scio.</span> 
     </span>
     <span class='ocr_line' id='line_1_20' title="bbox 673 2771 960 2854; baseline 0.007 -18"><span class='ocrx_word' id='word_1_87' title='bbox 673 2771 960 2854; x_wconf 74' lang='lat' dir='ltr'>Aporootooies</span> 
     </span>
    </p>
   </div>
   <div class='ocr_carea' id='block_1_5' title="bbox 255 2881 1093 3057">
    <p class='ocr_par' dir='ltr' id='par_1_5' title="bbox 255 2881 1093 3057">
     <span class='ocr_line' id='line_1_21' title="bbox 875 2881 1093 2948; baseline 0.005 -2"><span class='ocrx_word' id='word_1_88' title='bbox 875 2881 993 2947; x_wconf 84' lang='lat' dir='ltr'>Oculos</span> <span class='ocrx_word' id='word_1_89' title='bbox 1016 2881 1093 2948; x_wconf 93' lang='lat' dir='ltr'>uolo</span> 
     </span>
     <span class='ocr_line' id='line_1_22' title="bbox 255 2989 956 3057; baseline -0.004 0"><span class='ocrx_word' id='word_1_90' title='bbox 255 2991 346 3057; x_wconf 91' lang='lat' dir='ltr'>Meos</span> <span class='ocrx_word' id='word_1_91' title='bbox 370 2991 535 3056; x_wconf 85' lang='lat' dir='ltr'>delectare</span> <span class='ocrx_word' id='word_1_92' title='bbox 559 2989 730 3054; x_wconf 85' lang='lat' dir='ltr'>munditiis</span> <span class='ocrx_word' id='word_1_93' title='bbox 753 2989 956 3054; x_wconf 85' lang='lat' dir='ltr'>meretriciis.</span> 
     </span>
    </p>
   </div>
   <div class='ocr_carea' id='block_1_6' title="bbox 255 3149 1146 3558">
    <p class='ocr_par' dir='ltr' id='par_1_6' title="bbox 255 3149 1146 3558">
     <span class='ocr_line' id='line_1_23' title="bbox 735 3149 907 3213; baseline 0 -1"><span class='ocrx_word' id='word_1_94' title='bbox 735 3149 810 3213; x_wconf 90' lang='lat' dir='ltr'>Mil</span> <span class='ocrx_word' id='word_1_95' title='bbox 844 3149 907 3213; x_wconf 79' lang='lat' dir='ltr'>bio</span> 
     </span>
     <span class='ocr_line' id='line_1_24' title="bbox 255 3169 1146 3346; baseline -0.002 -23"><span class='ocrx_word' id='word_1_96' title='bbox 255 3257 325 3323; x_wconf 90' lang='lat' dir='ltr'>Hoc</span> <span class='ocrx_word' id='word_1_97' title='bbox 348 3259 487 3341; x_wconf 88' lang='lat' dir='ltr'>primum</span> <span class='ocrx_word' id='word_1_98' title='bbox 511 3277 658 3339; x_wconf 83' lang='lat' dir='ltr'>agemus,</span> <span class='ocrx_word' id='word_1_99' title='bbox 682 3257 770 3346; x_wconf 89' lang='lat' dir='ltr'>quod</span> <span class='ocrx_word' id='word_1_100' title='bbox 796 3169 966 3322; x_wconf 75' lang='lat' dir='ltr'>eiinsilium</span> <span class='ocrx_word' id='word_1_101' title='bbox 991 3259 1146 3341; x_wconf 88' lang='lat' dir='ltr'>cepimus.</span> 
     </span>
     <span class='ocr_line' id='line_1_25' title="bbox 255 3363 997 3444; baseline -0.001 -14"><span class='ocrx_word' id='word_1_102' title='bbox 255 3365 418 3432; x_wconf 83' lang='lat' dir='ltr'>Abeamus</span> <span class='ocrx_word' id='word_1_103' title='bbox 441 3367 537 3444; x_wconf 90' lang='lat' dir='ltr'>intro,</span> <span class='ocrx_word' id='word_1_104' title='bbox 560 3372 597 3430; x_wconf 90' lang='lat' dir='ltr'>ut</span> <span class='ocrx_word' id='word_1_105' title='bbox 621 3363 840 3430; x_wconf 85' lang='lat' dir='ltr'>Collebiscum</span> <span class='ocrx_word' id='word_1_106' title='bbox 865 3364 997 3429; x_wconf 90' lang='lat' dir='ltr'>uilicum</span> 
     </span>
     <span class='ocr_line' id='line_1_26' title="bbox 255 3472 973 3558; baseline -0.003 -19"><span class='ocrx_word' id='word_1_107' title='bbox 255 3473 347 3540; x_wconf 79' lang='lat' dir='ltr'>Hanc</span> <span class='ocrx_word' id='word_1_108' title='bbox 370 3473 608 3558; x_wconf 84' lang='lat' dir='ltr'>perdoceamus</span> <span class='ocrx_word' id='word_1_109' title='bbox 632 3481 669 3538; x_wconf 90' lang='lat' dir='ltr'>ut</span> <span class='ocrx_word' id='word_1_110' title='bbox 693 3472 777 3538; x_wconf 86' lang='lat' dir='ltr'>feret</span> <span class='ocrx_word' id='word_1_111' title='bbox 799 3473 973 3538; x_wconf 84' lang='lat' dir='ltr'>felleoiem.</span> 
     </span>
    </p>
   </div>
   <div class='ocr_carea' id='block_1_7' title="bbox 254 3633 1112 3916">
    <p class='ocr_par' dir='ltr' id='par_1_7' title="bbox 254 3633 1112 3916">
     <span class='ocr_line' id='line_1_27' title="bbox 673 3633 960 3716; baseline -0.003 -18"><span class='ocrx_word' id='word_1_112' title='bbox 673 3633 960 3716; x_wconf 73' lang='lat' dir='ltr'>Aporostoolee</span> 
     </span>
     <span class='ocr_line' id='line_1_28' title="bbox 255 3739 1112 3826; baseline -0.001 -19"><span class='ocrx_word' id='word_1_113' title='bbox 255 3743 459 3826; x_wconf 81' lang='lat' dir='ltr'>Quemquam</span> <span class='ocrx_word' id='word_1_114' title='bbox 483 3739 610 3826; x_wconf 81' lang='lat' dir='ltr'>Cupido</span> <span class='ocrx_word' id='word_1_115' title='bbox 633 3743 668 3806; x_wconf 92' lang='lat' dir='ltr'>in</span> <span class='ocrx_word' id='word_1_116' title='bbox 691 3742 790 3807; x_wconf 86' lang='lat' dir='ltr'>eorde</span> <span class='ocrx_word' id='word_1_117' title='bbox 813 3750 978 3818; x_wconf 82' lang='lat' dir='ltr'>uersatur,</span> <span class='ocrx_word' id='word_1_118' title='bbox 1002 3747 1112 3806; x_wconf 82' lang='lat' dir='ltr'>tamen</span> 
     </span>
     <span class='ocr_line' id='line_1_29' title="bbox 254 3849 553 3916; baseline -0.003 -1"><span class='ocrx_word' id='word_1_119' title='bbox 254 3849 328 3916; x_wconf 89' lang='lat' dir='ltr'>Tibi</span> <span class='ocrx_word' id='word_1_120' title='bbox 351 3849 553 3916; x_wconf 81' lang='lat' dir='ltr'>auscultabo</span> 
     </span>
    </p>
   </div>
   <div class='ocr_carea' id='block_1_8' title="bbox 257 4001 481 4008">
    <p class='ocr_par' dir='ltr' id='par_1_8' title="bbox 257 4001 481 4008">
     <span class='ocr_line' id='line_1_30' title="bbox 257 4001 481 4008; baseline 0.004 -1"><span class='ocrx_word' id='word_1_121' title='bbox 257 4001 481 4008; x_wconf 69' lang='lat'><em>-.---—...-...--.-</em></span> 
     </span>
    </p>
   </div>
   <div class='ocr_carea' id='block_1_9' title="bbox 252 4067 1371 4395">
    <p class='ocr_par' dir='ltr' id='par_1_9' title="bbox 252 4067 1371 4395">
     <span class='ocr_line' id='line_1_31' title="bbox 325 4067 1371 4140; baseline -0.004 -14"><span class='ocrx_word' id='word_1_122' title='bbox 325 4073 372 4126; x_wconf 81' lang='grc'>188</span> <span class='ocrx_word' id='word_1_123' title='bbox 391 4070 533 4139; x_wconf 85' lang='lat' dir='ltr'>extemplo</span> <span class='ocrx_word' id='word_1_124' title='bbox 553 4069 575 4124; x_wconf 84' lang='grc'><em>0</em></span> <span class='ocrx_word' id='word_1_125' title='bbox 663 4073 712 4125; x_wconf 85' lang='grc'>184</span> <span class='ocrx_word' id='word_1_126' title='bbox 729 4069 897 4139; x_wconf 88' lang='lat' dir='ltr'>Duplicitibi</span> <span class='ocrx_word' id='word_1_127' title='bbox 914 4067 949 4138; x_wconf 99' lang='grc' dir='ltr'>Β,</span> <span class='ocrx_word' id='word_1_128' title='bbox 969 4069 1081 4140; x_wconf 86' lang='lat' dir='ltr'>Duplici</span> <span class='ocrx_word' id='word_1_129' title='bbox 1099 4069 1190 4126; x_wconf 75' lang='lat' dir='ltr'>ubic</span> <span class='ocrx_word' id='word_1_130' title='bbox 1269 4070 1371 4125; x_wconf 67' lang='lat' dir='ltr'>hauriet</span> 
     </span>
     <span class='ocr_line' id='line_1_32' title="bbox 255 4155 1371 4224; baseline -0.003 -14"><span class='ocrx_word' id='word_1_131' title='bbox 255 4159 303 4212; x_wconf 79' lang='grc'>186</span> <span class='ocrx_word' id='word_1_132' title='bbox 321 4157 469 4213; x_wconf 88' lang='lat' dir='ltr'>ususnerit</span> <span class='ocrx_word' id='word_1_133' title='bbox 487 4155 515 4212; x_wconf 90' lang='grc' dir='ltr'><em>Β</em></span> <span class='ocrx_word' id='word_1_134' title='bbox 592 4157 641 4210; x_wconf 81' lang='grc'>187</span> <span class='ocrx_word' id='word_1_135' title='bbox 659 4155 742 4208; x_wconf 85' lang='lat' dir='ltr'>licum</span> <span class='ocrx_word' id='word_1_136' title='bbox 764 4155 787 4209; x_wconf 82' lang='lat'><em>0</em></span> <span class='ocrx_word' id='word_1_137' title='bbox 861 4155 1075 4209; x_wconf 80' lang='grc'>1880080111081</span> <span class='ocrx_word' id='word_1_138' title='bbox 1093 4155 1121 4208; x_wconf 93' lang='grc' dir='ltr'><em>Β</em></span> <span class='ocrx_word' id='word_1_139' title='bbox 1195 4157 1280 4210; x_wconf 85' lang='lat' dir='ltr'>etiem</span> <span class='ocrx_word' id='word_1_140' title='bbox 1298 4170 1371 4224; x_wconf 88' lang='lat' dir='ltr'>expo·</span> 
     </span>
     <span class='ocr_line' id='line_1_33' title="bbox 252 4239 1370 4311; baseline -0.005 -15"><span class='ocrx_word' id='word_1_141' title='bbox 252 4243 359 4296; x_wconf 83' lang='lat' dir='ltr'>lieuero</span> <span class='ocrx_word' id='word_1_142' title='bbox 381 4242 403 4298; x_wconf 80' lang='lat' dir='ltr'><em>O</em></span> <span class='ocrx_word' id='word_1_143' title='bbox 479 4244 529 4297; x_wconf 87' lang='grc'>180</span> <span class='ocrx_word' id='word_1_144' title='bbox 547 4242 652 4311; x_wconf 88' lang='lat' dir='ltr'>quituis</span> <span class='ocrx_word' id='word_1_145' title='bbox 670 4241 706 4308; x_wconf 90' lang='grc' dir='ltr'>Β,</span> <span class='ocrx_word' id='word_1_146' title='bbox 725 4239 872 4310; x_wconf 85' lang='lat' dir='ltr'>quitiusG</span> <span class='ocrx_word' id='word_1_147' title='bbox 955 4242 1003 4295; x_wconf 83' lang='lat'>193</span> <span class='ocrx_word' id='word_1_148' title='bbox 1022 4240 1209 4310; x_wconf 77' lang='lat' dir='ltr'>coepimusll</span> <span class='ocrx_word' id='word_1_149' title='bbox 1285 4239 1370 4295; x_wconf 82' lang='grc'>19481</span> 
     </span>
     <span class='ocr_line' id='line_1_34' title="bbox 253 4325 1087 4395; baseline 0 -14"><span class='ocrx_word' id='word_1_150' title='bbox 253 4327 370 4395; x_wconf 84' lang='lat' dir='ltr'>collybis</span> <span class='ocrx_word' id='word_1_151' title='bbox 390 4344 453 4381; x_wconf 88' lang='lat' dir='ltr'>oum</span> <span class='ocrx_word' id='word_1_152' title='bbox 471 4327 507 4394; x_wconf 92' lang='grc' dir='ltr'>Β,</span> <span class='ocrx_word' id='word_1_153' title='bbox 527 4331 559 4383; x_wconf 91' lang='lat' dir='ltr'>ut</span> <span class='ocrx_word' id='word_1_154' title='bbox 578 4327 752 4382; x_wconf 86' lang='lat' dir='ltr'>collibisoum</span> <span class='ocrx_word' id='word_1_155' title='bbox 773 4325 794 4380; x_wconf 83' lang='lat'><em>0</em></span> <span class='ocrx_word' id='word_1_156' title='bbox 861 4326 974 4380; x_wconf 85' lang='lat' dir='ltr'>uilicum</span> <span class='ocrx_word' id='word_1_157' title='bbox 994 4341 1043 4381; x_wconf 76' lang='lat' dir='ltr'>oin.</span> <span class='ocrx_word' id='word_1_158' title='bbox 1064 4325 1087 4381; x_wconf 84' lang='lat'><em>0</em></span> 
     </span>
    </p>
   </div>
   <div class='ocr_carea' id='block_1_10' title="bbox 0 0 1484 4997">
    <p class='ocr_par' dir='ltr' id='par_1_10' title="bbox 0 0 1484 4997">
     <span class='ocr_line' id='line_1_35' title="bbox 0 0 1484 4997; baseline 0 0"><span class='ocrx_word' id='word_1_159' title='bbox 0 0 1484 4997; x_wconf 95' lang='lat' dir='ltr'> </span> 
     </span>
    </p>
   </div>
  </div>
 </body>
</html>
