2932 5008
77 499 112 566 11,
129 501 152 564 2,
169 501 258 552 6-15
562 501 710 556 Mercator.

496 691 759 774 Lysimachus

75 797 88 860 1
109 805 143 862 tu
165 797 244 862 hino
267 797 310 863 od
333 797 442 862 villam
464 805 564 882 atque
587 799 668 865 istos
690 807 816 866 rastros
840 801 937 866 uilieo

75 905 161 971 Pisto
183 907 250 989 ipsi
272 906 374 972 facito
397 927 506 972 eoram
529 916 566 972 ut
588 907 700 974 tradas
723 911 755 974 in
779 931 918 974 manum.
1123 931 1173 982 ππ

74 1012 171 1080 Uxori
194 1015 299 1082 faoito
321 1021 358 1079 ut
380 1017 511 1080 nunties
534 1019 698 1100 negotium

74 1122 149 1187 Mihi
173 1145 247 1189 esse
270 1125 306 1188 in
329 1123 420 1203 urbe,
445 1145 484 1188 ne
508 1145 559 1188 me
582 1131 763 1208 exspectet3
792 1147 867 1190 nem
890 1125 967 1190 mihi

73 1232 141 1296 Tris
163 1231 265 1298 hodie
289 1232 366 1297 lites
388 1233 582 1298 iudicandas
605 1233 714 1299 dicito.

72 1339 140 1405 let
162 1341 226 1406 hoo
249 1347 412 1407 memento
436 1340 552 1407 dicere.

524 1518 715 1584 Lorariue

614 1626 699 1692 Num
721 1627 801 1710 quid
824 1629 985 1710 amplius?

493 1803 756 1887 Lysimachus

524 2066 718 2150 Demipho

296 2177 495 2258 Lysimacho,
519 2174 618 2239 selue.

488 2350 753 2436 Lysimachus

653 2459 752 2542 Euge,
774 2460 945 2544 Demipho,
1117 2479 1169 2532 280

70 2575 204 2638 Salueto.
253 2571 341 2648 Quid
362 2569 420 2635 fit?
444 2568 524 2653 quid
547 2569 638 2652 egio?

519 2723 715 2806 Demipho

680 2830 774 2908 Quod
796 2833 1016 2897 miserrumus.

484 2984 752 3072 Lysimachus

72 3097 107 3161 Di
132 3099 247 3163 melius
271 3095 384 3162 faxint.

519 3249 715 3332 Demipho

436 3359 475 3424 Di
500 3359 562 3424 hoo
585 3357 717 3440 quidem
740 3357 873 3422 faciunt.

488 3511 747 3596 Lysimachus

933 3619 1018 3698 Quid
1040 3619 1112 3684 est?

520 3775 713 3858 Demipho

75 3887 189 3964 Dioem,
213 3891 240 3952 si
264 3887 393 3952 uideam
416 3886 477 3951 tibi
500 3905 573 3950 esse
596 3904 717 3968 operae
740 3890 799 3948 aut
820 3885 932 3947 otium.

138 4163 186 4214 274
204 4159 329 4215 ullemO
428 4159 479 4213 275
496 4156 623 4213 redosc
730 4157 782 4210 278
799 4155 856 4207 litis
960 4153 1011 4206 229
1028 4151 1062 4204 Εἰ
1080 4157 1110 4206 et
1127 4151 1155 4205 B

77 4243 159 4302 fiete
256 4248 308 4300 280
326 4243 477 4314 lieymaohe
495 4243 523 4297 B
625 4243 672 4295 281
690 4241 765 4295 seluo
784 4257 801 4294 o
819 4239 884 4308 quid
904 4239 965 4306 egio
984 4239 1051 4308 quid
1065 4237 1098 4290 fit

78 4331 122 4384 282
138 4331 235 4388 satient
254 4331 277 4387 0
343 4333 395 4386 288
413 4347 527 4401 operam
