2982 5000
246 437 308 498 266
724 433 885 494 Pseudolus.

247 627 377 704 Scaliger
399 633 443 700 ot,
474 633 506 686 ut
529 629 660 704 videtur,
691 631 725 688 A.
750 659 789 670 -
821 629 891 688 822.
917 623 1076 688 castelleti
1097 627 1185 688 Cher.
1210 635 1240 686 et
1265 627 1377 698 Prisc,

246 732 265 788 i.
289 751 314 788 e.
338 731 477 806 guttatim
501 731 647 804 excidant,
672 733 707 790 cl.
726 731 793 791 Tor.
811 729 930 790 Phorm.
952 733 1029 790 975:
1057 735 1107 804 „ut
1130 752 1166 790 no
1189 733 1379 804 restinguas,

247 835 376 890 lacrimis
406 837 429 890 si
459 829 689 894 exstillsuerie“.
745 833 857 894 (lclum.
886 833 931 906 X,
959 835 1031 894 122:
1069 833 1185 910 ,Seque
1213 835 1380 893 lacessenti

247 935 349 993 lletum
374 935 487 994 lectura
510 934 653 1012 sinapis“.
676 967 713 978 -
733 939 803 996 823.
827 930 882 996 ubi
903 936 1066 996 coc..unl
1081 939 1116 994 A.
1134 965 1177 976 —
1200 939 1271 996 824.
1296 931 1380 996 siri·

246 1030 347 1114 pibus,
369 1039 404 1097 ol.
423 1038 542 1098 Patron.
565 1041 637 1098 134:
665 1039 765 1112 ,Quae
788 1043 896 1114 striges
918 1040 1111 1098 comederunt
1132 1059 1239 1098 nervos
1258 1037 1376 1099 tuos?“

248 1141 322 1200 Plin.
348 1141 383 1200 ΙΙ.
407 1140 443 1202 ΙΙ.
466 1139 524 1214 ΙΙΙ,
548 1143 624 1201 232:
662 1161 743 1214 ,esse
771 1143 801 1202 in
823 1141 989 1202 maledictis
1011 1143 1070 1201 iam
1093 1144 1224 1220 antiquis
1245 1143 1380 1218 strigem

141 1313 144 1320 ι
247 1247 396 1316 convenit,
418 1243 471 1302 sed
489 1263 555 1321 quae
572 1245 611 1304 sit
630 1247 738 1316 avium,
761 1251 896 1304 constare
913 1263 972 1304 non
987 1243 1148 1304 arbitror“.
1182 1245 1254 1303 Hor.
1271 1244 1378 1322 Epod.

250 1347 282 1418 5,
312 1347 351 1405 20
383 1342 591 1420 „nocturnas“,
620 1347 687 1406 Tib.
711 1347 739 1420 1,
773 1352 805 1420 5,
837 1349 874 1407 52
900 1343 1085 1422 „violentes“
1110 1347 1193 1407 dicit.
1224 1377 1260 1386 —
1299 1349 1378 1406 826.

248 1443 325 1522 Hoc,
347 1450 384 1508 cl.
408 1449 479 1508 666.
502 1479 544 1490 -
567 1451 637 1508 827.
670 1465 776 1525 quom,
806 1471 833 1509 v.
856 1450 895 1508 ad
917 1450 1022 1526 Amph.
1048 1451 1120 1510 746.
1151 1479 1186 1491 -
1218 1447 1254 1510 in
1275 1465 1381 1510 sutem
1458 1457 1459 1464 ’

248 1545 353 1610 aluum
375 1552 420 1610 ed.
440 1571 502 1630 pr.;
525 1552 606 1611 Serv.
630 1553 666 1612 ed
686 1553 755 1612 AEn.
779 1549 817 1626 ΙΙ,
841 1555 895 1612 6οι
922 1553 1038 1626 ,alum
1061 1551 1184 1612 Plautus
1207 1554 1379 1612 masculino

247 1656 291 1712 eit
313 1673 432 1730 genere,
455 1675 513 1732 quo
533 1675 591 1715 oon
608 1651 751 1714 utimur“.
786 1654 916 1727 Catonis,
934 1655 1010 1714 Attii
1030 1656 1216 1733 aliorumque
1235 1657 1378 1734 exempla

248 1757 375 1816 afferunt
406 1761 605 1834 grammatici,
640 1781 667 1818 v.
692 1755 809 1817 Neuel
837 1778 866 1835 p.
891 1758 962 1816 650.
996 1789 1038 1798 —
1072 1760 1142 1817 830.
1180 1754 1291 1835 Quid?
1322 1759 1377 1830 Ιιι,

248 1862 336 1935 vulgo
359 1863 586 1938 interpungunt:
619 1861 714 1934 ,Quid
736 1857 807 1920 tu?“
833 1891 875 1900 -
904 1861 975 1922 831.
1002 1857 1073 1938 Qui,
1095 1865 1114 1920 i.
1138 1883 1163 1921 e.
1187 1863 1311 1939 quibus,
1336 1863 1377 1921 cs.

249 1966 320 2022 816.
338 1993 380 2004 -
399 1965 468 2023 834.
493 1963 548 2042 qui
564 1957 742 2026 neumae
757 1967 788 2022 et
805 1957 975 2024 condicero
991 1965 1026 2024 A.
1061 1965 1134 2024 Cum
1156 1965 1212 2024 hac
1228 1967 1379 2024 iactantis

249 2067 367 2144 Lipsius
388 2069 516 2126 contulit
537 2067 719 2126 Philemonis
740 2075 882 2142 Σιρσιιωτ.
906 2067 961 2126 24:

454 2171 568 2236 ἅπαντες
591 2171 617 2226 ci
638 2173 769 2247 φαγόντες
791 2169 902 2246 ἐγένοντ’
927 2173 959 2226 ἂν
981 2173 1051 2227 &sol

453 2273 613 2332 ἀθανασίαν
635 2275 738 2350 εὕρηκα
761 2275 822 2338 τοὺς
843 2271 892 2344 ἤδη
915 2274 1031 2348 resposis,

452 2380 515 2436 ὅταν
538 2373 645 2452 [μόνον]
669 2375 859 2452 ὀσφρανθῶσι,
883 2377 952 2434 ποιῶ
972 2379 1017 2446 ζῆν
1039 2378 1126 2432 πάλιν.

249 2489 309 2544 835
328 2503 372 2562 sq.
403 2481 540 2542 Inaudita
560 2481 812 2540 condimentorum
831 2480 951 2539 nomina
967 2479 1089 2536 ludibrii
1107 2500 1196 2538 causa
1212 2479 1310 2556 lingit,
1337 2481 1374 2537 cl.

248 2591 357 2648 Athen.
380 2587 448 2646 XIV
472 2607 499 2664 p.
526 2587 585 2644 653
609 2585 644 2640 b:
678 2585 795 2656 μάλιστα
822 2583 877 2658 γὰρ
905 2580 1060 2657 εἰσάγονται
1082 2583 1108 2637 oi·
1129 2584 1257 2658 μάγειροι
1278 2605 1374 2638 σκωπ-

247 2697 315 2750 scaci
326 2713 399 2758 τινες,
418 2693 451 2756 ὡς
463 2690 539 2766 παρὰ
551 2687 700 2762 Μενάνδρῳ
712 2691 739 2742 ἐν
755 2686 953 2760 Ἐπιτρέπουσι,
964 2685 1009 2742 καὶ
1027 2687 1151 2759 Φιλήμων
1167 2687 1197 2742 (Ιὲ
1208 2709 1262 2742 που
1280 2689 1375 2758 φησίν

452 2791 552 2869 Σφίγγ’
577 2790 674 2866 ἄρριν’,
696 2789 728 2846 cei
749 2790 888 2864 μάγειρον,
909 2787 947 2853 εἷς
968 2791 1014 2858 τὴν
1036 2787 1123 2845 οἰνίαν

452 2895 545 2968 eilcp'·
569 2895 661 2959 ἅπλῶς
682 2895 736 2969 γὰρ
758 2892 819 2948 otti
842 2889 870 2948 ἓν
890 2893 930 2966 μὰ
950 2893 1011 2956 τοὺς
1033 2893 1118 2958 θεοὺς

452 2991 540 3075 ὦνπερ
562 3000 633 3074 λέγει
655 2999 769 3070 συνίημι·
791 2997 869 3052 καινὰ
891 2996 995 3072 pipern

454 3103 650 3179 πεπορισμένος
670 3101 725 3176 γὰρ
747 3101 811 3156 ἐστὶ.

251 3203 285 3265 in
301 3205 433 3282 patenae
451 3199 558 3265 indidi
575 3205 609 3262 A.
625 3232 663 3244 -
684 3203 754 3262 836.
779 3195 996 3276 cepolmdrwn
1014 3200 1039 3258 A
1057 3201 1259 3277 superscripto
1276 3203 1296 3270 i,
1319 3202 1376 3260 sod

735 3325 736 3328 ’
1157 3318 1172 3360 θ

250 3415 350 3455 errore
372 3394 486 3472 primes,
509 3413 568 3454 non
591 3395 689 3451 tertie
712 3389 842 3467 syllaba.
893 3383 1064 3448 meotidem
1085 3393 1115 3445 et
1136 3384 1325 3464 sicaptidem
1347 3392 1375 3448 A

250 3505 327 3556 teste
357 3495 466 3556 Lcwio.
501 3525 541 3538 —-
576 3497 647 3556 837.
680 3488 775 3570 lpscc
797 3507 831 3552 sc
852 3487 986 3567 patinae
1008 3489 1144 3552 Guictus.
1167 3493 1209 3564 A,
1232 3514 1260 3550 v.
1290 3491 1375 3552 Low.

250 3623 279 3680 p.
301 3604 376 3672 170,
405 3599 537 3674 „Eaepse
557 3593 837 3676 patinee“..Bugg.
858 3595 964 3654 Philol.
978 3593 1063 3653 XXX
1085 3614 1114 3671 p.
1135 3595 1210 3654 257:
1238 3594 1375 3672 „Eeepse

250 3701 332 3762 sese“
375 3703 485 3761 omisso
523 3720 585 3758 voc.
623 3695 797 3778 ,petinae“;
841 3699 985 3758 Biicheler
1017 3698 1083 3761 Lat.
1117 3696 1231 3756 Declin.
1267 3699 1306 3754 26
1342 3705 1374 3754 et

251 3805 358 3883 Bergk.
382 3803 473 3863 Beitr.
496 3824 525 3882 p.
552 3804 628 3862 148:
660 3802 741 3874 ,Eas
764 3821 849 3878 sepse
871 3797 1022 3879 petinae“.
1045 3829 1086 3840 -
1116 3799 1186 3858 838.
1214 3793 1302 3858 Haec
1324 3799 1374 3858 ed.

251 3930 295 3988 pr.
330 3939 370 3949 -·
405 3903 549 3984 Neptuni
575 3901 723 3982 pecudea,
757 3908 866 3982 pisces,
902 3907 1016 3979 tragico
1049 3904 1190 3980 loquitur.
1223 3931 1265 3940 -
1299 3903 1374 3962 839.

252 4007 467 4072 cicimclc'cdro
507 4011 610 4088 scripsi
652 4007 754 4066 Lowio
794 4008 876 4066 duce.
911 4035 952 4046 -
992 4009 1063 4066 840.
1102 4001 1170 4065 Act
1207 3999 1376 4080 kcpalopai

251 4115 396 4175 Biicheler
418 4113 494 4172 Mus.
519 4112 613 4171 Rhea.
637 4111 690 4169 XV
713 4131 742 4187 p.
767 4111 838 4168 438.
866 4138 908 4149 -
942 4105 1126 4170 cataraclrt'a
1149 4111 1184 4165 A.
1218 4137 1261 4147 -
1300 4110 1373 4168 842.

252 4214 317 4278 iuis
338 4212 412 4276 istis
429 4217 464 4274 A.
487 4245 529 4255 ·-
553 4217 622 4274 843.
647 4207 724 4274 Sine
746 4209 795 4272 sis
812 4213 847 4271 A.
870 4243 912 4251 -
934 4209 946 4271 i
968 4213 1084 4270 eddidit
1100 4211 1220 4270 (iamet.
1244 4217 1278 4270 ut
1302 4213 1372 4272 336.

257 4350 291 4361 —-
324 4322 393 4377 844.
422 4318 548 4394 seruent
571 4319 605 4375 A.
635 4347 675 4356 --
706 4319 775 4376 645.
806 4310 955 4388 180608,
986 4318 1004 4372 i.
1028 4336 1054 4372 e.
1076 4315 1151 4374 odor
1174 4317 1242 4372 inde
1265 4317 1373 4375 oriens.

1475 4243 1481 4366 l
