2960 5000
82 470 116 538 V,
139 474 165 538 2,
186 473 295 554 ''lt-⁴88
461 481 463 483 ’
583 469 731 526 Poenulus.

84 619 152 738 Qii
176 661 249 726 huc
271 659 433 725 aduenisti
456 679 516 724 nos
539 667 706 743 captatum
730 639 889 742 migdilix,

81 767 225 833 Bisulci
244 767 364 850 lingua,
388 768 483 850 quasi
506 787 702 852 proserpens
725 767 839 833 bestia.

512 909 803 992 Agorastocles

83 1017 277 1082 Maledicta
299 1017 375 1082 hinc
397 1016 506 1102 aulem
529 1017 674 1100 linguam
698 1037 877 1101 conpeseas
898 1017 979 1083 face.

86 1123 310 1208 [Maledicere
333 1125 410 1192 huic
431 1133 468 1191 tu
491 1125 700 1209 temperabis,
724 1127 752 1190 si
775 1122 886 1208 sapis]

85 1233 177 1298 Meis
203 1233 453 1316 consanguineis
475 1233 551 1299 nolo
574 1241 607 1297 te
629 1235 748 1298 iniuste
770 1233 869 1317 loqui.

87 1339 290 1424 Carthagini
312 1361 371 1423 ego
395 1362 467 1406 sum
489 1347 617 1422 gnatam,
639 1347 677 1405 ut
698 1348 733 1406 tn
758 1343 802 1406 sis
825 1343 941 1406 sciens.
1154 1353 1224 1408 loeo

588 1481 729 1548 Hanno

88 1589 116 1680 Ο
143 1593 194 1655 mi
217 1591 394 1674 popularis,
418 1591 519 1656 salue.

514 1710 804 1792 Agorastocles

571 1817 613 1882 Et
635 1824 671 1882 tu
695 1818 821 1902 edepol,
844 1817 992 1901 quisquis
1016 1838 1059 1894 es,

89 1923 137 1990 Et
162 1927 191 1992 si
215 1925 292 2010 quid
317 1945 399 2008 opus
423 1931 482 2004 est,
505 1945 639 2008 quaeso,
663 1926 715 1991 dic
737 1933 836 2010 atque
858 1926 973 2009 inpera

90 2031 334 2117 Popularitatis
358 2053 467 2098 causa.

590 2141 729 2206 Hanno

430 2335 432 2338 v
528 2249 644 2314 Habeo
667 2249 818 2331 gratiam.

95 2355 234 2438 [Uerum
254 2359 339 2422 enim
357 2377 416 2440 ego
433 2357 487 2445 hic
502 2355 679 2440 hospitium
698 2357 820 2437 habeo,
842 2355 1036 2422 Antidamae
1059 2353 1161 2420 filium

96 2463 229 2542 Quaero
251 2463 294 2510 -’
317 2472 533 2545 conmonstra,
556 2467 585 2530 si
606 2465 728 2531 nouisti
750 2499 791 2510 -
815 2461 1085 2546 Agorastoclem]
1156 2480 1225 2532 1040

95 2571 161 2640 Sed
189 2594 324 2656 ecquem
348 2572 590 2638 adulescentem
613 2581 649 2636 tu
671 2571 725 2636 hic
747 2571 868 2636 nouisti
891 2571 1161 2653 Agorastoclem?

424 2743 427 2753 .
513 2691 806 2774 Agorastocles

98 2798 133 2864 Si
159 2799 289 2882 quidem
313 2799 501 2866 Antidamai
523 2801 655 2882 quaeris
679 2800 925 2882 adoptaticium,
950 2859 953 2866 ,

97 2907 167 2991 Ego
192 2929 262 2972 sum
285 2909 386 2991 ipsus,
411 2929 505 3008 quem
529 2915 565 2972 tu
589 2908 729 2991 quaeris.

589 3043 726 3109 Hanno
872 3109 893 3130 ‚,

776 3152 846 3232 Em,
869 3149 946 3234 quid
970 3171 1029 3234 ego
1052 3151 1176 3216 audio?

516 3259 805 3342 Agorastocles

99 3367 296 3432 Antidamae
319 3373 453 3450 gnatum
474 3388 525 3432 me
550 3388 629 3432 esse.

588 3497 729 3564 Hanno

659 3607 692 3672 Si
715 3608 763 3670 ita
786 3612 844 3685 est,
867 3612 1023 3672 tesseram

99 3710 254 3778 Conferre
279 3715 307 3778 si
328 3714 380 3778 uis
403 3713 610 3797 hospitalem,
635 3733 745 3778 eccam
770 3713 884 3778 adtuli.
1153 3731 1223 3784 1045

169 3917 234 3971 1030
251 3916 375 3972 micdilia
392 3915 444 3970 BG
528 3919 594 3971 1032
610 3917 683 3970 hanc
700 3915 726 3969 A
814 3907 905 3970 aufers
993 3919 1058 3971 1033
1076 3921 1107 3971 tu
1125 3931 1174 3972 om.
1192 3917 1221 3970 A*

100 4001 166 4056 1035
184 4001 258 4056 siens
277 4002 303 4056 A
375 4004 441 4056 1036
458 4001 525 4056 mihi
588 4003 634 4071 qui
654 4002 715 4070 quis
733 4000 761 4055 B
829 4002 895 4056 1037
913 4001 988 4070 quod
1001 3999 1033 4055 ’B
1095 4002 1162 4056 1039
1179 4018 1220 4070 sq.

97 4087 122 4141 11.
141 4089 158 4142 l.
177 4101 227 4141 om.
247 4088 272 4140 A
362 4089 429 4143 1039
446 4089 519 4142 enirn
538 4095 564 4142 ct
579 4087 626 4141 hic
645 4103 694 4142 om.
714 4088 741 4141 B
827 4087 931 4156 hospiti
950 4103 1011 4141 snm
1029 4085 1082 4142 Bo
1153 4087 1223 4140 1040

99 4173 332 4228 commonstransi
350 4173 386 4240 B,
405 4179 614 4228 commontrans
634 4171 657 4226 0
754 4174 818 4227 1041
838 4173 988 4242 hecquem
1082 4173 1147 4226 1042
1163 4173 1220 4226 'An-

99 4257 226 4329 tidamati
244 4257 279 4325 A,
302 4259 534 4321 Anthidamarchi
552 4257 605 4312 Bc
728 4258 899 4327 adoptatinm
917 4256 945 4311 B
1071 4257 1220 4312 1043110111

100 4344 165 4397 1044
183 4347 211 4397 te
230 4359 350 4398 asseram
368 4343 405 4412 Β,
423 4349 452 4397 te
470 4359 531 4398 esse
549 4344 604 4399 iam
624 4339 646 4398 0
