2960 5000
258 475 316 535 162
768 469 859 524 elenu
1187 466 1235 534 111,
1253 467 1277 534 s,
1301 469 1393 520 1—14

328 781 463 850 aucus
489 783 613 850 nuno.
658 783 993 858 uooulsuoouus
1017 781 1312 852 inconsonus,

704 903 930 971 nouoolu.
1020 969 1023 974 ,
1324 901 1390 968 nu

748 1109 876 1193 Lycus

254 1213 464 1300 Suspendant
487 1237 599 1284 omnes
622 1237 709 1282 niuno
731 1219 795 1282 iam
820 1239 854 1282 se
877 1218 1079 1302 haruspices,
1334 1235 1394 1287 745

253 1324 358 1401 Quam
382 1345 442 1408 ego
465 1323 531 1390 illis
555 1324 703 1408 posthac,
727 1325 815 1408 quod
838 1325 1024 1408 loquantur,
1047 1325 1212 1406 creduum,

253 1429 316 1510 Qui
338 1434 371 1498 in
395 1455 430 1498 re
454 1433 567 1498 diuina
590 1431 713 1500 dudum
737 1433 890 1498 dicebant
913 1435 993 1498 mihi

251 1539 374 1606 Malum
399 1541 618 1624 damnumque
640 1563 827 1606 maxumum
850 1542 1048 1624 portendier,

251 1649 283 1714 Is
307 1649 468 1732 explicaui
491 1670 598 1715 meam
622 1669 691 1715 rem
715 1649 849 1733 postilla
872 1650 982 1715 lucris.

671 1803 960 1886 Agorastocles

253 1909 370 1976 Saluos
393 1911 438 1978 sie
460 1911 543 1976 lenc.
1477 1943 1478 2026 l

747 2043 773 2107 L
806 2063 876 2108 cus

593 2149 690 2216 Dite
713 2065 833 2230 ameynt,
856 2149 1094 2234 Agorastocles.
1330 2166 1389 2220 750

400 2400 402 2409 Ι
664 2303 958 2388 Agorastocles

250 2409 355 2493 Megia
379 2432 431 2476 me
453 2410 593 2495 benigue
617 2433 703 2478 nuno
726 2412 852 2478 salutas
876 2433 974 2496 quam
997 2411 1163 2478 antidhao.

747 2566 773 2630 L
808 2587 874 2631 cus

248 2673 484 2758 Tranquillitas
507 2674 616 2740 euenit
639 2675 735 2757 quasi
758 2587 835 2738 nini
857 2676 891 2740 in
915 2676 1011 2756 mari;

247 2779 455 2866 thuomque
478 2789 528 2848 est
550 2787 682 2863 uentus,
704 2783 789 2848 exim
812 2782 921 2848 uelum
944 2783 1096 2848 uortitur.

657 2936 955 3020 Agorastocles

246 3041 389 3108 Ualeant
411 3044 497 3128 apud
520 3050 563 3124 te,
588 3067 671 3128 quos
695 3045 782 3124 uolo,
806 3051 905 3128 atque
928 3043 1017 3109 haud
1040 3050 1072 3109 tc
1094 3043 1179 3110 uolo.

746 3199 772 3264 L
805 3219 871 3264 cus

247 3303 375 3386 Ualeut,
399 3312 437 3370 ut
458 3307 661 3390 postulatum
685 3313 743 3388 eet,
766 3221 881 3372 uierum
904 3327 970 3372 non
992 3305 1061 3371 tibi.
1331 3325 1388 3378 7⁵5

661 3459 955 3545 Agorastocles

245 3567 341 3632 Mitte
364 3567 406 3633 ad
429 3589 489 3648 mo,
513 3570 540 3634 si
563 3568 675 3650 audes,
698 3568 795 3634 hodie
819 3567 1052 3652 Adelphasium
1074 3573 1165 3632 tuam

246 3676 304 3740 Die
327 3675 409 3742 sesto
433 3675 554 3743 celebri
577 3677 757 3762 nobilique,
780 3676 997 3760 Aphrodisiis.

741 3833 766 3896 L
799 3851 870 3896 cus

244 3936 393 4004 Calidum
417 3939 580 4023 prandisti
604 3855 922 4024 prandiumyhodie?
947 3938 999 4004 dic
1021 3937 1109 4004 mihi.

246 4095 442 4104 ..Ἡ-

312 4177 362 4230 745
381 4193 441 4231 sese
460 4179 485 4230 A
589 4177 640 4231 746
664 4195 716 4246 ego
738 4127 882 4248 ponchaio
900 4176 928 4231 B
1031 4177 1082 4230 748
1100 4175 1232 4230 damnum
1253 4193 1328 4246 qnae
1347 4181 1380 4236 B

243 4263 293 4315 749
312 4261 490 4330 postillamB
542 4263 621 4319 lucro
674 4265 726 4318 752
744 4267 827 4332 quast
879 4265 930 4318 754
949 4261 1052 4318 Ualent
1069 4263 1094 4314 A
1143 4263 1382 4322 coenulento

312 4349 485 4417 postulatum
505 4349 528 4401 si
546 4347 574 4403 B
