2954 5002
799 465 891 522 Plauti
1188 469 1207 538 I,
1226 471 1246 538 51
1265 471 1387 523 loo-123

796 655 902 721 Simo

287 763 374 828 Bene
397 771 496 846 atque
519 765 622 828 amice
647 763 742 844 ‹licis3
766 785 842 829 nam
864 785 950 830 nunc
974 766 1104 849 quidem
1129 767 1233 832 men's.

733 872 959 939 Pseudolus

286 979 348 1046 Uin
371 981 471 1044 etiam
495 979 601 1044 dicam
625 980 713 1063 quod
737 1003 797 1046 uos
821 984 924 1063 magis
949 983 1132 1048 miremini?

753 1087 940 1174 Callipho

286 1195 407 1261 Studeo
431 1197 541 1262 hercle
565 1196 693 1275 audire3
717 1217 792 1260 nam
816 1196 871 1260 ted
895 1200 1043 1264 ausculto
1066 1199 1190 1266 lubens.

787 1301 906 1386 [Simo

285 1414 351 1494 Age
375 1413 467 1492 dum3
491 1433 565 1476 uam
588 1413 668 1476 satis
691 1412 843 1478 lubenter
865 1421 897 1478 te
921 1415 1069 1480 ausculto
1092 1415 1207 1500 loqui]

732 1519 956 1586 Pseudolus

284 1629 378 1693 Prius
402 1650 500 1711 quam
523 1629 619 1692 istam
644 1649 786 1712 pugnam
810 1630 972 1712 pugnabo,
995 1651 1055 1714 ego
1078 1633 1177 1698 etiam
1200 1635 1287 1718 prius
1348 1649 1389 1700 525

283 1737 377 1802 Dabo
401 1738 497 1802 aliam
522 1757 666 1820 pugnam
689 1737 811 1802 claram
836 1745 869 1802 et
891 1740 1207 1807 conmemorahilem.

796 1845 901 1910 Simo

284 1931 389 2008 Quam
411 1931 575 2016 pugnam?

724 2033 955 2100 Pseudolus

611 2139 679 2219 Em,
703 2142 745 2205 ab
770 2141 833 2206 hoc
855 2143 972 2208 lenone
994 2145 1102 2209 uicino
1125 2152 1182 2210 tuo

284 2250 360 2334 [Per
384 2249 632 2334 sycophantiam
656 2257 754 2332 atque
778 2251 975 2333 perductos
999 2249 1104 2334 dolos]

283 2360 464 2424 Tibicinum
488 2357 578 2422 illam
602 2364 679 2423 tuus
703 2379 802 2441 quam
825 2365 944 2440 gnatus
967 2359 1101 2443 deperit,

285 2470 334 2534 Ea
356 2467 597 2532 circumduoam
620 2467 727 2549 lepide
751 2467 915 2546 lenonem,
939 2476 972 2532 et
995 2469 1126 2550 quidem
1345 2482 1385 2534 530

285 2577 453 2644 Eclectum
475 2575 538 2639 hoc
560 2575 656 2639 hodie
679 2575 814 2640 reddam
837 2583 1011 2659 utrumque
1034 2575 1076 2641 ad
1099 2597 1280 2660 uesperum.

797 2682 900 2748 Simo

285 2795 316 2860 Si
342 2795 475 2880 quidem
498 2793 600 2858 istaec
623 2813 732 2876 opera,
757 2801 794 2856 ut
817 2793 1000 2876 praedicas,
1024 2791 1210 2876 perfeceris,

285 2903 415 2967 Uirtute
438 2903 517 2988 repi
531 2901 703 2982 Agathocli
726 2901 951 2964 antecesseris.

285 3011 349 3076 Sed
372 3011 487 3076 sinon
510 3009 602 3084 faxis,
626 3029 703 3072 uum
727 3007 806 3092 quid
829 3029 945 3072 causac
968 3014 1018 3073 ost
1040 3008 1115 3072 ilico

285 3120 369 3198 Quin
393 3125 426 3183 te
448 3119 481 3182 in
505 3117 678 3200 pistrinum
702 3116 862 3181 condam?

729 3223 956 3288 Pseudolus

895 3332 966 3396 Non
990 3354 1090 3398 unum
1112 3333 1148 3396 io
1171 3333 1266 3412 diem,
1343 3345 1382 3400 535

286 3439 404 3505 Uerum
427 3439 536 3504 hercle
560 3441 592 3502 in
617 3441 731 3515 omnis,
755 3447 913 3522 quantum
928 3450 994 3524 ⁴est.
1042 3439 1105 3505 Sed
1128 3443 1155 3504 si
1179 3440 1325 3518 ecfeeero,

284 3547 390 3612 Dabin
413 3547 492 3611 mihi
515 3554 697 3630 argentum,
722 3548 811 3630 quod
835 3548 907 3614 dem
931 3549 1049 3628 lenoni,
1072 3549 1147 3613 ilico

284 3656 353 3720 Tua
375 3657 570 3721 uoluntate?

369 3846 416 3896 521
437 3861 511 3896 nunc
530 3860 593 3896 nam
612 3847 705 3895 meust
828 3845 876 3895 523
896 3843 991 3896 Studia
1111 3849 1140 3896 te
1159 3843 1301 3898 deuscultu
1316 3839 1342 3906 B,
1358 3847 1377 3890 te

283 3928 451 3983 auscultat]
527 3929 623 3982 52412.
645 3927 667 3981 Ο
743 3931 792 3980 525
811 3927 884 3982 OG
946 3931 996 3982 536
1015 3928 1240 3982 commorabilem
1258 3927 1285 3982 B
1341 3925 1378 3977 527

282 4018 379 4070 amabe
397 4014 433 4078 B,
452 4032 512 4067 eme
531 4015 564 4066 ab
587 4015 608 4067 O
732 4017 782 4067 529
801 4023 845 4066 tue
865 4031 946 4082 quam
965 4021 1047 4067 natus
1065 4015 1092 4068 B
1217 4011 1377 4081 5301epidele

282 4119 384 4155 nomen
404 4102 429 4154 S.
450 4100 518 4168 quid
537 4109 551 4154 e
569 4099 605 4164 B,
626 4100 748 4170 lepidule
769 4117 869 4154 nomen
891 4099 916 4151 S.
937 4099 1037 4168 quide
1057 4099 1079 4154 0
1195 4101 1243 4154 531
1267 4099 1293 4153 P.
1308 4097 1377 4151 Effec-

282 4193 341 4240 tum
429 4186 511 4238 hodie
531 4185 584 4238 hoc
603 4185 629 4237 B
728 4187 779 4238 532
797 4185 886 4239 autC
985 4187 1034 4240 533
1053 4187 1092 4240 rei
1193 4189 1242 4240 534
1260 4191 1377 4240 causaest
1447 4195 1448 4232 l

282 4275 331 4324 535
350 4273 514 4340 pristriuum
533 4271 560 4324 B
648 4288 733 4324 unum
754 4271 864 4339 quidem
885 4273 958 4324 diem
976 4272 1061 4324 modo
1154 4273 1204 4324 536
1223 4271 1376 4339 quantusest
1447 4277 1448 4322 ξ

282 4360 331 4410 537
349 4357 435 4409 leucu
453 4354 481 4408 B
