2960 5000
68 468 126 535 111,
148 471 171 530 l,
191 469 294 524 23-44
557 466 705 520 Poenulus.
1135 473 1195 534 145

68 659 180 724 Pridie
204 665 319 723 noste
343 655 523 722 aduocatos
546 655 611 720 huc
634 655 767 721 duxisse
791 655 948 739 oportuit.
1146 675 1196 728 tat

69 767 167 832 Natu
182 767 325 850 opinare,
343 764 432 830 haud
450 764 623 848 quisquam
643 763 742 830 bodie
759 771 908 830 nostrum
921 773 1032 830 curret
1043 787 1102 849 per
1113 767 1195 848 uias,

67 876 185 958 Neque
208 895 268 939 nos
292 872 431 957 populus
454 893 514 956 pro
538 872 666 936 cerritis
689 871 865 938 insectabit
887 872 1062 958 lapidibus,

489 979 780 1063 Agorastocles

69 1093 112 1156 At
134 1093 164 1156 si
188 1090 231 1156 ad
254 1088 427 1173 prandium
451 1109 502 1151 me
525 1088 557 1152 in
581 1087 695 1153 aedem
717 1110 777 1153 uos
800 1087 954 1154 dixissem
978 1089 1105 1170 ducere,

71 1199 259 1264 Uinceretia
282 1217 413 1261 oeruom
436 1215 534 1259 cursu
557 1196 610 1260 uel
633 1195 843 1278 grallatorem
866 1197 985 1279 gradu3

71 1307 165 1372 Nunc
188 1327 247 1371 uos
269 1307 348 1389 quia
370 1303 449 1368 mibi
471 1303 653 1368 aduocatos
678 1304 745 1368 dixi
768 1311 801 1368 et
824 1307 919 1372 testis
943 1305 1070 1386 ducere,
1147 1325 1199 1376 580

70 1415 254 1498 Podagrcsi
277 1415 357 1478 estis
380 1433 418 1476 ao
441 1412 567 1476 uicistis
590 1413 735 1477 cocleam
758 1413 971 1480 tarditudiue.

536 1519 740 1586 Aduocati

70 1631 121 1694 Au
143 1651 226 1695 uero
250 1651 315 1694 non
337 1629 425 1693 iusta
447 1649 549 1693 causa
571 1637 630 1706 est,
655 1649 740 1712 quor
762 1634 915 1694 curratur
937 1629 1094 1708 celeriter,

73 1737 136 1803 Ubi
160 1737 266 1814 bibes,
291 1737 370 1802 edas
394 1737 434 1802 de
457 1737 565 1801 alieno
589 1745 747 1820 quantum
771 1737 853 1802 uelis
876 1759 980 1821 usque
1003 1738 1149 1816 adfatim,

70 1845 169 1922 Quod
192 1854 230 1910 tu
252 1846 378 1910 inuitus
396 1865 574 1928 numquam
592 1845 712 1910 reddas
731 1845 871 1924 domino,
894 1845 934 1909 de
952 1849 1050 1928 quoio
1069 1847 1197 1912 ederis?

73 1954 137 2019 Sed
157 1963 269 2020 tamen
288 1974 352 2036 quo
368 1975 441 2018 meo
458 1953 589 2036 J(quom
604 1955 660 2036 qui
684 1955 749 2036 qui,
770 1974 969 2038 quamquam
988 1976 1099 2020 sumus
1118 1977 1199 2038 pau·

843 2061 978 2145 perculi,

74 2170 134 2235 Est
147 2171 245 2249 domi,
264 2169 351 2254 quod
365 2169 501 2248 edimus,
521 2191 562 2233 ue
581 2190 640 2233 uos
659 2179 726 2233 tam
745 2171 956 2253 contemptim
969 2179 1130 2236 conteras.
1150 2187 1200 2240 536

75 2277 243 2362 Quidquid
256 2285 308 2343 est
325 2277 542 2362 pauxillulum
562 2277 650 2356 illuc,
669 2285 815 2342 nostrum
834 2277 979 2343 idemne
998 2284 1028 2342 et
1040 2281 1127 2343 intus
1141 2287 1199 2356 est,

76 2385 190 2470 Neque
203 2409 262 2451 noe
275 2407 471 2470 quemquam
483 2384 670 2466 flagitamus
683 2407 789 2467 neque
801 2406 861 2454 uos
873 2387 1049 2470 quisquam
1061 2385 1199 2468 flagitat.

75 2495 147 2562 Tua
169 2516 269 2561 causa
290 2515 386 2560 nemo
408 2500 596 2564 nostrorum
619 2501 668 2558 est
691 2478 768 2558 suos
792 2501 949 2578 rupturus
974 2495 1121 2558 ramices.

382 2633 384 2636 ’
491 2619 790 2701 Agorastocles

76 2727 178 2793 Nimis
194 2728 346 2792 iracundi
363 2729 459 2806 estis;
483 2727 635 2810 equidem
653 2727 735 2792 haec
752 2726 847 2792 uobis
866 2726 932 2791 dixi
945 2727 1130 2810 pericuum.
1149 2745 1200 2796 540

535 2835 738 2899 Aduocati

76 2940 136 3008 Per
153 2946 262 3010 iocum
280 2942 394 3007 itidem
412 2942 534 3006 dictum
553 2941 684 3022 habeto,
703 2963 787 3026 quae
806 2963 864 3008 nos
882 2943 944 3007 tibi
963 2944 1198 3026 respondimus,

485 3050 787 3132 Agorastocles

78 3159 221 3225 Obsecro
240 3157 348 3224 hercle
365 3177 500 3242 operam
518 3157 660 3222 celocem
672 3159 757 3224 bauo
770 3157 858 3238 mihi,
880 3181 920 3224 ue
934 3158 1093 3223 corbitam
1108 3157 1198 3238 date;

80 3267 293 3352 Adtrepidate
318 3267 444 3346 saltem,
467 3287 544 3330 nam
567 3289 626 3331 uos
650 3267 871 3351 adproperare
894 3266 982 3331 haud
1005 3265 1144 3349 postulo.

537 3385 741 3451 Aduocati

80 3491 112 3556 Si
133 3495 213 3577 quid
234 3501 272 3559 tu
294 3493 424 3576 placide
448 3495 616 3575 otioseque
640 3515 738 3576 agere
762 3495 820 3573 uis,
844 3515 977 3576 operam
1001 3494 1131 3573 damus;

79 3599 111 3664 Si
132 3623 299 3686 properas,
322 3623 473 3667 cursores
497 3601 628 3668 meliust
649 3611 682 3666 te
705 3602 887 3666 aduocatos
911 3602 1041 3665 ducere.
1151 3617 1201 3669 545

493 3722 788 3804 Agorastocles

81 3825 174 3894 Scitis
186 3851 303 3893 —rem
314 3830 448 3894 narraui
460 3829 607 3894 uobis-
616 3830 695 3914 quid
707 3837 820 3894 uestra
833 3849 932 3912 opera
945 3827 1023 3891 mihi
1036 3849 1118 3910 opus
1131 3829 1201 3904 siet,

145 4001 196 4052 528
214 3998 259 4050 Ad
310 3996 898 4068 aaaelclsbatorem13‚velglabatorsmo
947 3997 996 4050 531
1013 3996 1086 4050 tardi
1097 3995 1203 4050 tuueB

82 4082 128 4137 533
144 4083 190 4137 Ad
260 4084 337 4136 iuxta
355 4082 383 4136 Β
448 4101 502 4154 quo
572 4087 622 4138 533
642 4089 671 4139 et
689 4085 738 4140 das
757 4083 784 4136 B
853 4083 921 4137 uelis
940 4099 990 4138 otu.
1008 4079 1037 4136 B
1100 4081 1150 4134 534
1168 4081 1203 4134 de

83 4169 126 4233 qui
145 4187 161 4223 o
176 4167 214 4233 B,
233 4169 268 4222 de
287 4187 341 4238 quo
363 4168 386 4224 Ο
482 4171 532 4224 535
551 4187 606 4239 quo
626 4187 689 4224 meo
707 4187 770 4224 cum
789 4170 835 4222 cui
850 4168 872 4222 0
970 4169 1021 4221 536
1039 4170 1162 4220 nostram
1176 4166 1203 4220 B

84 4253 129 4307 537
145 4255 298 4324 pauxillum
316 4253 344 4310 B
422 4259 450 4308 et
467 4271 518 4310 om.
601 4256 693 4310 baasi
770 4255 885 4308 remites
956 4254 1003 4306 541
1024 4269 1094 4322 quos
1111 4251 1207 4308 nosO

83 4337 130 4392 542
148 4342 273 4394 celocem
344 4341 394 4394 545
411 4340 512 4394 melius
531 4341 554 4393 si
572 4344 600 4394 te
671 4340 816 4408 estquod
886 4339 1041 4408 operamini

968 4451 999 4502 10
