2982 5000
73 475 113 543 V,
135 479 166 544 4,
189 477 296 533 tte—eu
582 477 731 532 Poenulus.

589 665 729 732 Hauuo

74 772 135 840 Ite
162 775 202 840 in
225 774 293 855 iue;
316 795 357 839 ue
382 775 563 840 moramini.

517 917 803 1000 Ayoruatoelea

519 1070 525 1084 .
602 1025 780 1110 Antestare·
799 1045 849 1090 me
872 1030 972 1108 atque
996 1025 1088 1090 duae.

586 1165 624 1231 H
627 1187 733 1231 auno

78 1273 162 1356 Ego
190 1279 223 1339 te
246 1273 449 1340 antestabor.

517 1393 804 1476 Ayoraatoalea

304 1499 422 1567 Postea
443 1501 530 1566 haue
553 1501 672 1566 amabo
695 1508 795 1584 atque
818 1501 1019 1586 amplexabo.

594 1638 732 1703 Hanno

86 1742 181 1828 [Sed
204 1743 285 1810 illud
315 1745 447 1829 quidem
475 1746 566 1811 uolui
595 1745 718 1825 dicere;
757 1747 855 1812 immo
882 1745 991 1812 hercle
1020 1746 1102 1826 (lixi,
1138 1749 1225 1832 quod

868 1852 1047 1936 uolebam]

86 1961 282 2026 Moramini.
328 1961 365 2026 In
387 1962 437 2026 ius
460 1982 519 2027 uos
541 1983 634 2038 uoco,
657 1963 721 2028 nisi
743 1961 929 2028 honestiust
952 1962 1120 2046 prehendi.
1160 1981 1226 2034 1230

522 2115 807 2196 Adelphasium

90 2222 187 2302 Quid
211 2223 244 2288 in
270 2223 322 2289 iue
345 2244 445 2289 uocas
467 2224 548 2288 noe?
573 2223 651 2306 quid
675 2222 735 2288 tibi
759 2223 934 2289 debemus?

517 2376 807 2459 Ayorastootea

963 2461 1059 2528 Dicet
1081 2463 1139 2528 illi.

519 2593 806 2673 Adelphasium

96 2701 212 2766 Etiam
236 2721 287 2764 me
311 2718 402 2764 meae
423 2699 547 2766 latrant
570 2701 688 2765 canes?

520 2835 807 2918 Ayorastoczes

717 2947 757 3008 At
780 2951 816 3008 tu
839 2943 947 3008 hercle
971 2943 1150 3010 adludiato.

99 3053 191 3116 Date
214 3051 295 3116 mihi
317 3073 377 3136 pre
402 3051 466 3118 offa
489 3053 625 3130 eauium
650 3073 709 3135 pro
733 3073 806 3116 osse
828 3051 974 3134 linguam
996 3051 1128 3118 abicito,

98 3160 154 3224 Ita
178 3159 262 3224 haue
286 3179 399 3225 canem
422 3160 541 3225 faciam
564 3160 626 3224 tibi
650 3160 721 3226 oleo
745 3159 1016 3243 tranquilliorem.
1104 3175 1107 3181 “

190 3376 192 3382 .
593 3313 735 3378 Hauao

97 3398 161 3478 Ite,
185 3399 212 3463 si
234 3399 300 3464 itis.

523 3523 807 3605 Adelphasium

321 3630 408 3710 Quid
431 3653 490 3696 noe
514 3631 649 3696 fecimus
673 3631 755 3695 tibi?

595 3785 735 3849 Haaao

782 3891 883 3957 Fures
908 3893 985 3957 aetia
1009 3891 1134 3957 ambae.
1161 3909 1227 3963 1235

106 4013 328 4022 ...κ-...-

173 4095 239 4148 1227
257 4093 302 4148 lte
319 4095 415 4149 incure
433 4113 468 4150 ne
486 4111 591 4150 moram
609 4097 648 4149 mi
666 4095 694 4149 Β
759 4100 902 4149 antetarae
921 4094 947 4148 A
1007 4097 1072 4149 1228
1090 4095 1181 4149 amalo
1198 4094 1227 4149 B

172 4181 239 4234 1229
258 4179 325 4248 quid
345 4181 422 4234 uolui
441 4180 509 4234 dece
526 4180 554 4234 Β
624 4181 681 4234 dixi
700 4179 794 4234 hercle
811 4179 862 4234 BG
935 4182 1001 4235 1230
1018 4197 1083 4234 euoe
1102 4196 1173 4234 uoao
1191 4179 1226 4248 B,

100 4282 174 4321 uoeo
194 4281 245 4318 uoe
263 4264 286 4319 0
428 4265 757 4335 honeetiueaiprehaendi
775 4265 803 4319 Β
950 4267 1014 4320 1231
1033 4265 1063 4320 iu
1080 4281 1181 4320 euaeae
1199 4264 1226 4320 Β

103 4351 171 4405 1232
188 4367 233 4404 me
251 4365 301 4405 om.
320 4351 347 4402 A
417 4350 468 4404 thu
486 4349 514 4404 Β
586 4352 650 4404 1235
668 4350 710 4404 Ite
730 4351 801 4404 uiuis
