2944 5004
546 459 578 516 V.
596 463 739 516 tte-463.
1098 549 1102 558 '
1125 467 1202 527 -317

74 671 166 712 veron
201 649 282 727 ,eet“
313 655 413 728 omiei;
447 655 550 715 Boin:
585 663 648 730 „eet
670 656 785 734 Oedipo
808 655 890 735 opus
913 653 1109 715 coniectore‘'.
1156 657 1201 716 Ad
1287 649 1291 658 “

75 777 138 814 rem
165 757 204 814 ci.
227 756 293 816 Ter.
317 756 409 816 Andr.
437 759 510 816 194:
548 759 667 833 „Deuoe
689 779 767 834 eum,
800 777 857 818 non
880 757 1042 837 Oedipue“.
1068 788 1105 798 -
1130 761 1201 818 443.

75 853 258 934 idiotice,
287 879 315 918 v.
338 859 374 918 nd
397 861 464 920 Aul.
490 863 561 921 257.
591 893 632 901 —
660 863 731 920 446.
766 861 873 920 Hiotnr
895 864 924 920 iu
949 881 1074 932 oeeeure3
1108 860 1202 938 Gepp.

79 961 149 1034 „Me
174 962 362 1022 obedientem
385 983 450 1022 meo
472 961 572 1037 eeee“;
596 939 680 1024 111011.
708 963 794 1038 „Meo
816 963 1022 1022 oboedientem
1046 960 1122 1022 me“.

166 1273 240 1332 447.
273 1271 356 1333 Hanc
378 1293 495 1332 scenam
518 1273 697 1332 Ritecheliue
719 1245 892 1351 recognovit
914 1277 945 1332 et
968 1293 1032 1332 cum
1056 1277 1202 1350 apparatu

77 1375 187 1433 critico
215 1373 309 1432 edidit
340 1375 406 1436 Ind.
436 1377 525 1434 schol.
554 1376 649 1435 Bonn.
682 1378 773 1435 1865.
807 1405 849 1416 -·-
881 1375 978 1452 Lycus
1011 1376 1078 1433 leno
1112 1395 1201 1450 quum

76 1476 191 1535 Veneri
214 1497 298 1537 encra
317 1479 427 1538 feceret
445 1497 541 1552 orons,
564 1486 599 1538 ut
620 1479 676 1538 eibi
700 1480 818 1554 largum
840 1485 984 1556 quaeetum
1007 1479 1128 1550 feceret,
1152 1496 1202 1536 nex
1312 1529 1313 1537 .

76 1581 166 1653 ugnio
195 1581 355 1640 immoletis
383 1581 470 1640 litere
498 1601 557 1640 uon
587 1583 700 1659 potuit,
734 1587 764 1639 et
793 1582 942 1658 heruspex
976 1601 1093 1658 semper
1125 1580 1203 1638 melo

77 1684 182 1740 omnio
205 1686 232 1741 ei
254 1685 394 1761 portendi
414 1683 589 1743 affirmabat.
634 1683 733 1742 Iratus
751 1685 843 1761 igitur
863 1703 969 1742 evenus
986 1683 1073 1742 homo
1092 1684 1203 1742 omisso

77 1784 227 1845 sacrificio
255 1805 291 1844 ne
320 1792 390 1844 extu
418 1769 535 1863 quidem
564 1787 729 1846 hostiarum
757 1791 965 1860 mactatarum,
1000 1805 1066 1862 quae
1093 1787 1122 1843 in
1152 1805 1203 1842 ern

78 1889 196 1946 adoleri
219 1889 382 1962 debebant,
417 1890 478 1948 dece
502 1889 614 1962 reddit,
648 1889 701 1948 sed
728 1909 825 1948 eecuin
854 1894 989 1967 asportat
1016 1890 1100 1946 letne
1123 1887 1203 1964 quod

77 1992 133 2048 toli
158 1991 263 2050 froude
286 1991 368 2050 deam
387 1993 445 2050 eibi
463 1994 744 2069 perump1·opitiom
762 1993 843 2051 ultus
860 1993 909 2050 sit.
955 1993 1088 2050 Lenones
1104 1995 1201 2048 nutem

79 2113 185 2154 ornnes
207 2095 237 2152 iu
260 2099 411 2170 posterum
435 2101 517 2154 vetet
540 2096 674 2170 malignae
696 2095 758 2154 deoe
787 2115 871 2154 socru
893 2095 997 2154 fecere.
1027 2125 1068 2133 —
1101 2088 1202 2164 iilum,

78 2192 136 2272 cui
171 2193 255 2272 tenc,
289 2197 325 2256 cf.
361 2197 398 2256 ad
434 2200 503 2256 193.
537 2227 578 2282 —7
615 2192 790 2272 infelicent,
822 2221 849 2256 v.
885 2197 921 2255 nd
955 2197 1041 2276 Epid.
1080 2199 1127 2255 14.
1163 2227 1203 2236 —-

80 2303 153 2358 450.
180 2296 231 2359 die
253 2293 334 2358 mihi
356 2295 553 2360 iratissumis
575 2300 681 2378 Gepp,
704 2321 772 2360 ueni
794 2303 818 2358 ei
839 2298 947 2375 „meie“
970 2299 1119 2371 scribitur,
1142 2298 1210 2358 haen

78 2422 136 2478 pro
161 2403 277 2462 obiecto
299 2405 448 2480 personali
473 2425 537 2462 cum
558 2399 735 2478 ,inmoleui“
756 2403 902 2480 iungendo
925 2408 1002 2475 sunt,
1026 2402 1204 2460 sacrificavit

79 2509 179 2563 autem
214 2507 265 2564 uni
293 2507 401 2564 Veneri
435 2527 461 2566 v.
491 2508 563 2566 452.
592 2537 634 2546 -
664 2509 735 2568 451.
763 2505 836 2564 Post
862 2499 1018 2565 inmolant
1045 2506 1143 2563 hiatus
1173 2507 1202 2562 in

79 2627 193 2666 caeeure
227 2615 262 2666 ut
290 2610 366 2682 4543
399 2607 466 2668 edd.
499 2630 572 2668 roco.
602 2615 802 2687 transponunt
835 2627 945 2682 „egnoe
973 2603 1142 2666 imiuoleui“
1174 2613 1203 2664 et

84 2716 173 2782 „exta
202 2707 316 2772 uotui“.
344 2742 386 2752 —
420 2713 492 2771 452.
525 2711 561 2770 ut
582 2713 621 2786 A,
654 2712 706 2772 sed
733 2717 802 2791 poet
834 2712 888 2769 hoc
916 2711 1028 2788 aliquid
1059 2709 1228 2768 excidisse«
1347 2733 1350 2740 ¹

81 2814 212 2871 videtur.
252 2814 287 2872 R.
309 2817 370 2887 „uti
393 2816 451 2873 iem
474 2811 580 2890 esset“,
604 2815 741 2874 sedtum
767 2810 934 2892 „propitin“
960 2813 1201 2890 exspectebetur3

81 2916 178 2994 Gepp.
194 2923 246 2990 „nt
263 2915 452 2994 prodesset“;
476 2917 593 2976 Mulier.
610 2921 673 2990 „uti
691 2915 783 2990 eiet“;
801 2937 855 2994 ego
873 2917 988 2975 melirn:
1016 2923 1066 2988 „ut
1082 2921 1201 2994 praesto

81 3017 192 3078 esset“.
221 3049 262 3058 -
296 3022 367 3079 453.
401 3020 475 3079 Post
501 3035 618 3097 nequeo
646 3020 758 3094 bintue;
793 3021 828 3078 R.
855 3017 946 3097 „ego“
973 3018 1071 3092 addit,
1106 3007 1200 3098 Gepp.

85 3143 164 3194 „non
188 3124 294 3200 queo“.
311 3153 354 3162 —-
377 3117 441 3182 abii
463 3124 528 3182 edd.
556 3152 592 3162 -
616 3117 708 3196 illim,
733 3109 759 3182 ν’.
784 3123 821 3180 ed
843 3121 948 3182 Bacch.
974 3123 1044 3181 317.
1065 3149 1106 3185 ·.·-
1128 3123 1200 3180 454,

76 3221 288 3301 prosicarier,
323 3225 555 3286 cf.c.1.t.1
583 3245 611 3283 n.
638 3227 695 3286 199
720 3245 746 3282 v.
771 3227 812 3284 40
846 3222 988 3300 „uicnre“,
1024 3226 1062 3282 37
1090 3225 1201 3297 „foeni-
1255 3299 1263 3316 ι

82 3325 183 3387 eicei“.
236 3325 432 3402 prosecentur
454 3335 523 3387 exta
545 3328 611 3400 diis,
635 3347 662 3386 v.
686 3327 751 3387 Liv.
771 3327 803 3403 V,
829 3331 879 3402 21,
903 3330 931 3386 8.
976 3327 1057 3386 Suet.
1077 3329 1153 3404 Aug.
1175 3329 1201 3385 l.

84 3431 138 3502 nl.;
162 3431 268 3490 deinde
284 3425 511 3506 porticiuutur,
541 3443 568 3490 v.
592 3429 698 3490 Pseud.
724 3432 794 3489 267.
839 3429 902 3510 Hoc
923 3430 1044 3489 verbnm
1067 3430 1202 3506 proximo

84 3551 171 3592 versu
200 3535 332 3592 restitnit
359 3533 493 3610 Seyffert.
517 3533 624 3592 Philol.
647 3533 717 3592 XIX
746 3555 775 3611 p.
799 3535 876 3605 4033
911 3552 969 3609 quo
996 3534 1117 3590 invento
1146 3552 1202 3590 uon
1284 3587 1286 3593 .

85 3639 138 3709 ent,
164 3637 242 3714 quod
265 3656 329 3696 oum
353 3635 447 3715 Gepp.
466 3645 496 3696 et
511 3637 546 3696 R.
559 3657 605 3695 vv.
620 3638 766 3696 455-56
783 3639 883 3715 potius
905 3637 1023 3712 spurios
1045 3635 1203 3694 habeamus
1306 3629 1308 3634 ’

85 3758 172 3814 quem
194 3741 225 3797 iu
247 3740 274 3797 A
296 3740 411 3797 incuria
433 3741 563 3799 omieeoo.
588 3769 630 3778 -
654 3741 726 3798 457.
754 3753 885 3812 acturae,
916 3741 1000 3815 queei
1023 3759 1058 3796 eo
1080 3739 1203 3798 coneilio

86 3860 151 3900 eum
174 3843 262 3902 litere
291 3843 432 3914 noluerit,
468 3862 527 3918 quo
555 3843 643 3920 plura
670 3841 861 3900 sacrificaret.
897 3869 935 3882 ·-
971 3835 1040 3900 adii
1066 3856 1202 3912 manum,
1289 3903 1291 3906 ,
1376 3838 1378 3846 '

86 3943 196 4022 decepi,
219 3965 246 4004 v.
270 3943 307 4002 ed
329 3945 397 4003 Aul.
418 3946 488 4003 370.
512 3975 553 3984 -
576 3947 648 4005 459.
669 3959 812 4021 pausam,
836 3944 871 4003 ei.
891 3944 1009 4002 Trucul.
1025 3945 1095 4004 718.
1125 3943 1201 4003 Rud.

90 4049 177 4106 1205.
218 4047 299 4106 Pers.
324 4048 395 4107 815.
433 4047 508 4108 Nou.
531 4069 560 4126 p.
589 4049 658 4106 158.
687 4077 722 4092 -
756 4049 827 4106 401.
862 4042 1081 4119 coutentium,
1109 4049 1203 4108 mauis
1286 4093 1288 4100 .

87 4152 221 4223 contenti,
246 4151 400 4224 moderati,
423 4149 459 4208 cf.
477 4151 568 4210 Mero.
584 4152 673 4209 1005.
713 4164 802 4226 maye
818 4169 1077 4226 supervacaneum,
1095 4149 1131 4207 et.
1152 4151 1200 4207 82.

87 4281 127 4290 -
154 4253 225 4311 463.
253 4245 427 4329 Ooudiyne,
451 4255 602 4326 similiter,
627 4275 653 4310 v.
677 4252 714 4311 ed
737 4253 804 4310 Aul.
828 4255 899 4312 457.
946 4251 1088 4311 Similiter
1110 4252 1201 4309 heru-

87 4358 194 4432 opioem
207 4357 249 4413 eit
269 4355 326 4412 sibi
344 4357 499 4414 mentitum
517 4375 589 4429 esee,
608 4359 658 4432 qui
676 4357 753 4414 mule
770 4358 869 4414 omino
885 4357 1045 4428 nuntiaret,
1069 4359 1202 4431 quumvis
