2940 5008
537 469 569 523 V.
587 471 678 524 3-26.
1092 473 1153 534 31⁷

69 665 269 742 „Simplicius
293 664 476 742 simpliciter.
521 664 646 724 Plautus
669 663 851 723 Mercatore:
883 663 934 722 sed
958 684 1021 721 eam
1044 663 1155 740 simpli·

64 769 137 826 citus
158 769 250 827 dicam
272 769 298 825 si
320 787 412 844 opera
433 775 479 828 est
500 763 653 842 auribus“,
677 787 780 826 errore
796 767 962 826 manifesto.
981 795 1024 805 -
1040 780 1076 824 ea
1099 785 1153 823 em.

66 869 170 944 Lamb,
193 873 228 929 ci.
253 870 312 930 Cic.
336 869 394 928 Pis.
419 872 468 942 29,
494 871 548 928 70:
586 870 806 943 „familiaritate
830 863 1027 948 implicntns“,
1052 869 1089 927 cl.
1113 897 1156 908 —

63 968 97 1029 si
117 987 220 1047 operae
242 972 292 1032 esi
312 972 412 1044 Both,
436 976 456 1032 i.
470 994 495 1031 e.
519 976 545 1031 si
566 978 659 1049 vacet,
682 993 710 1032 v.
736 973 774 1031 ad
796 972 859 1030 Mil.
881 973 951 1030 254.
975 1001 1017 1010 -
1043 973 1089 1029 15.
1114 966 1157 1028 cul

63 1071 240 1134 uouendum
262 1071 321 1134 huc
343 1075 484 1151 Pylades;
515 1075 611 1134 Cam:
639 1075 693 1148 „ad
717 1073 964 1134 aduertendnm“.
988 1103 1029 1114 -
1051 1066 1156 1149 beniq-

63 1173 149 1252 m'lus,
177 1179 213 1237 cf.
235 1177 301 1236 Mil.
326 1179 375 1237 80.
399 1209 440 1218 -
466 1181 503 1237 16
527 1199 570 1254 sq.
596 1179 656 1237 ilos
684 1199 786 1236 versus
808 1176 843 1236 R.
867 1183 937 1256 post
958 1197 984 1235 v.
1011 1179 1028 1235 2
1056 1179 1157 1252 posuit

65 1283 105 1337 ite
122 1289 257 1340 mutatos:
287 1281 369 1353 ,Etsi
392 1281 447 1340 hcc
463 1301 568 1359 parum
585 1281 683 1340 hercle
703 1301 784 1340 more
807 1284 951 1340 maiorum
967 1282 1074 1350 institi,
1097 1278 1156 1336 Pro
1251 1341 1255 1348 ,

65 1403 125 1440 mea
154 1403 279 1460 persona
312 1389 347 1442 ut
379 1386 433 1442 sim
468 1385 505 1442 cd
536 1403 589 1442 uos
623 1384 710 1442 index
743 1380 849 1456 ilicc“;
884 1401 951 1460 quae
980 1381 1155 1442 Reiuhardt.

67 1479 203 1560 (Studem.
227 1485 312 1544 stud.
336 1485 350 1543 l
373 1507 402 1564 p.
428 1483 480 1556 90)
502 1489 545 1544 ita
567 1488 685 1564 probet,
715 1493 750 1544 nt
774 1486 1010 1564 „posterioribus
1032 1505 1069 1543 ne
1092 1505 1156 1544 ver·

66 1590 131 1646 burn
142 1589 259 1665 quidem
283 1595 398 1645 mutare
417 1590 461 1646 fes
478 1587 560 1647 esse“
586 1590 674 1648 dicat.
708 1589 874 1648 Modestius
897 1591 960 1666 ipse
977 1587 1156 1648 Ritschelius

67 1691 177 1767 Pcrerg.
200 1713 229 1770 p.
257 1693 311 1748 18:
344 1690 523 1764 „Lcudsbc“
549 1693 646 1769 inquit
671 1695 714 1765 „si
738 1695 783 1751 cui
807 1693 931 1770 propius
953 1691 990 1749 ad
1013 1691 1156 1749 librorum

67 1791 146 1850 fidem
179 1793 316 1852 accedere
351 1795 534 1852 emendatori
564 1792 755 1870 contigerit“.
806 1795 1034 1853 Enarraticnem
1063 1793 1155 1864 addit,

68 1883 155 1970 quam,
178 1899 233 1954 nisi
252 1897 349 1971 fuller,
374 1891 474 1956 omnes
495 1897 715 1970 desiderabunt,
739 1899 845 1955 lectum
865 1900 952 1975 pauci
969 1897 1155 1975 probabunt:

71 2006 188 2074 „praeter
210 2019 321 2058 rnorem
343 1997 407 2056 fieri
431 2001 483 2075 ait,
507 2001 596 2077 quod,
620 2003 666 2058 cui
689 2021 766 2059 nunc
784 2001 875 2060 solius
897 2001 1015 2078 prologi
1033 2019 1158 2076 persona

69 2104 103 2157 sit
124 2103 242 2178 agenda,
274 2103 362 2162 simul
385 2108 415 2159 et
443 2105 544 2161 stetim
567 2103 604 2162 ab
627 2105 713 2161 initio
736 2123 790 2180 pro
813 2123 866 2162 sue
889 2101 1008 2160 Charini
1032 2122 1159 2180 persona

70 2197 136 2274 (non
164 2225 217 2282 pro
245 2223 374 2282 persona
400 2189 531 2282 prologi)
560 2226 660 2263 carum
691 2225 804 2279 rerum,
837 2225 909 2282 quas
933 2208 1008 2262 scire
1031 2207 1156 2274 intersit,

11 2345 13 2354 .
70 2306 198 2366 indicium
233 2307 450 2384 spectatoribus
483 2306 603 2366 facist“.
648 2309 741 2366 Immo
771 2309 979 2384 relinquantur
1006 2327 1060 2366 suo
1093 2309 1158 2364 lccc

71 2427 162 2468 versus
184 2431 237 2468 nec
260 2411 437 2481 dubitemus,
466 2414 536 2486 quin
560 2409 707 2470 Charinus
730 2411 810 2469 dicat
832 2431 862 2468 se
887 2431 945 2470 non
967 2411 1055 2469 solito
1080 2430 1158 2467 ainc-

11 2521 12 2582 g
71 2517 158 2570 torum
184 2533 267 2571 more
298 2531 401 2585 agere,
431 2515 512 2590 quod
542 2516 651 2572 amoris
680 2517 754 2572 vitiu
782 2521 843 2572 tam
871 2515 1002 2589 graviter
1031 2518 1157 2570 accuset:

11 2605 13 2678 l
72 2611 231 2673 Rectissime
255 2617 332 2672 enim
357 2615 510 2674 Acidalins
533 2637 568 2673 ex
591 2617 615 2674 B
640 2617 815 2676 amatorum
837 2618 970 2694 scripsit3
994 2617 1045 2673 sed
1068 2617 1159 2672 etiam

11 2727 13 2772 ὲ
76 2714 163 2782 „esse“
198 2725 372 2792 corruptum
407 2725 466 2790 est;
501 2719 614 2778 Camer.
653 2719 792 2792 „etinm“,
827 2719 915 2777 Gron.
950 2716 1066 2792 „ecce“,
1104 2739 1158 2793 ego

73 2813 210 2890 euclidem.
244 2850 287 2860 —
320 2815 440 2894 iustiti,
475 2823 510 2880 cf.
534 2821 598 2880 Mil.
624 2823 694 2881 926.
729 2822 789 2880 Cic.
814 2823 896 2881 Oret.
921 2821 972 2894 ill,
1002 2823 1051 2894 45,
1084 2822 1157 2878 176:

78 2921 214 2990 „Quonam
247 2922 337 2981 modo
366 2929 482 2982 tautum
510 2945 616 2983 munus
644 2922 853 2983 insistemus?“
888 2953 929 2962 —
959 2926 991 2981 ln
1024 2925 1159 2999 proximo

76 3040 149 3081 versu
178 3027 319 3101 quoniam
349 3027 542 3102 „perconcri“
575 3028 648 3086 nihil
678 3033 738 3099 est,
772 3030 944 3105 praepositio
974 3041 1034 3100 per
1061 3045 1160 3082 errore

77 3124 113 3181 bis
133 3131 240 3205 scripte
263 3129 460 3186 existimanda
482 3135 542 3202 est;
567 3130 677 3188 conatu
701 3130 886 3188 commendat
908 3151 934 3187 v.
950 3131 1162 3202 393'cxtrenra

76 3243 123 3285 vox
146 3229 263 3288 ridetur
292 3249 355 3288 esse
383 3226 513 3305 explica.
558 3231 661 3292 Media
687 3235 802 3291 incerte
824 3238 902 3291 suut.
948 3232 1159 3292 Tentaverem:

80 3328 143 3396 „Per
167 3353 231 3390 mes
259 3339 367 3391 concta
389 3331 486 3410 qncd“
512 3327 579 3409 (aut
604 3330 747 3412 ,qucm“)
778 3355 871 3412 „quae
894 3336 999 3395 doctus
1022 3355 1085 3392 sum
1110 3355 1160 3391 ex·

78 3429 174 3507 plico“;
203 3435 254 3494 sed
289 3456 326 3492 ne
354 3431 471 3510 longius
499 3457 516 3494 a
544 3437 629 3496 codd.
653 3438 829 3511 recederem,
864 3439 968 3516 scripsi
997 3438 1160 3502 ἅσυνδετῶςι

80 3525 142 3595 Mea
155 3553 215 3611 per
236 3539 349 3597 concta
372 3535 482 3598 doctus
504 3555 581 3618 quae
604 3555 675 3600 cum
697 3537 779 3616 inite,
802 3535 931 3616 explico.
955 3571 990 3580 -
1015 3544 1061 3600 19.
1085 3535 1162 3598 Ele·

78 3638 200 3707 ,ueritiam
229 3643 355 3698 maxime
385 3643 532 3716 exagitet,
564 3645 583 3701 i.
607 3663 632 3702 e.
657 3643 797 3702 iudicium
826 3644 934 3702 oblatis
963 3651 994 3701 et
1015 3647 1162 3721 promptis

80 3740 152 3799 rebus
177 3763 337 3820 numquam
366 3749 538 3803 contentum
568 3746 620 3803 scd
649 3746 803 3804 fastidiose
831 3745 913 3805 eliud
935 3747 991 3804 sibi
1014 3766 1160 3822 quaerens,

80 3845 307 3904 stultitiast.
343 3845 455 3904 Errant
466 3849 517 3923 qui
534 3849 680 3907 luxuriam
693 3850 872 3924 intelligunt.
887 3877 927 3888 -
940 3850 988 3906 20.
1004 3863 1161 3924 quemque,

81 3943 97 4000 i.
116 3966 137 4001 e.
158 3967 383 4024 quemcumque,
413 3969 441 4004 v.
466 3949 503 4008 ad
526 3951 607 4009 Asin.
635 3953 704 4010 197.
728 3981 768 3990 -
793 3953 842 4010 23.
860 3967 1044 4027 praequam,
1073 3973 1100 4009 v.
1125 3950 1162 4007 ad

83 4043 172 4125 tuph.
195 4053 263 4108 628.
311 4047 433 4109 studuit
456 4052 534 4110 Cam.
558 4083 598 4093 -
623 4056 671 4112 24.
696 4049 813 4128 minuc,
835 4075 949 4131 parum,
973 4059 1063 4129 atque
1089 4055 1163 4111 adeo

83 4155 184 4209 omniuo
213 4173 287 4224 uon,
317 4155 352 4211 cf.
376 4153 482 4232 Amph.
507 4157 578 4214 475.
624 4158 692 4215 Aul.
718 4159 788 4214 770.
834 4156 901 4214 Ter.
925 4155 1000 4213 Eun.
1027 4157 1097 4213 737.
1122 4185 1163 4194 -

21 4304 22 4329 ,
84 4249 126 4308 lh.
145 4247 260 4330 ineptia
287 4255 433 4332 producta
460 4259 566 4316 ultime
588 4266 711 4337 propter
738 4259 914 4335 positionem
938 4266 1042 4317 contra
1063 4255 1164 4316 Plauti

84 4369 187 4412 morem.
220 4357 315 4415 Cam:
342 4357 508 4441 ,ineptiae“
530 4358 702 4436 (singularis
721 4372 767 4420 est
785 4363 849 4419 Ter.
864 4361 921 4419 Ad.
942 4359 1024 4438 749),
1045 4362 1162 4420 Lachm.
