2982 5020
243 445 306 506 296
618 399 623 408 ·
732 437 879 492 Poenulus·

240 637 299 696 Cic.
323 635 361 693 nd
383 633 464 693 Fam.
489 633 553 706 Vll,
580 636 606 706 l,
632 637 657 692 l.
694 633 813 690 Becker.
838 633 963 694 Charicl.
986 635 1014 692 ll
1036 656 1065 712 p.
1090 635 1151 693 272
1175 629 1235 710 sq.)
1257 637 1291 690 et
1315 649 1377 706 per

239 757 375 812 magnum
398 737 459 795 diei
481 743 596 813 partem
619 735 804 814 pertinuisse,
828 741 871 806 ut,
895 739 946 812 qni
970 757 1027 794 non
1050 743 1119 794 ente
1141 737 1239 794 cibum
1262 753 1374 810 sump-

238 842 354 916 sissent,
377 839 464 900 facile
486 839 592 897 semem
616 839 830 916 experirentur,
853 839 889 896 cf.
913 840 1005 898 Arist.
1028 840 1083 898 Av.
1108 840 1167 898 785
1193 858 1256 916 sqq.

390 942 478 1000 otto
499 941 553 998 ἐστ’
577 941 684 1016 ἄμεινον
706 941 763 998 οὐδ’
786 941 859 1012 ἥδιον
881 943 897 1012 ἦ·
918 942 1005 1014 φῦσαι
1027 944 1119 1018 πτερά.

389 1045 475 1116 αὐτίχ’
498 1045 571 1118 ὑμῶν
592 1045 644 1100 τῶν
665 1045 773 1100 deusde
795 1047 818 1100 e'
839 1067 877 1109 τις
899 1037 930 1116 ἦν
951 1045 1113 1121 ὑπόπτερος,

389 1144 446 1205 εἶτα
468 1149 566 1204 πεινῶν
587 1151 642 1212 τοῖς
663 1151 772 1222 χοροῖσι
793 1148 844 1204 τῶν
865 1149 1011 1226 τραγῳδῶν
1032 1148 1144 1220 eleseu,

389 1253 549 1324 ἐκπτόμενος
572 1251 603 1306 ἂν
625 1239 702 1315 οὗτος
724 1249 866 1325 ἠρίστησεν
888 1251 978 1308 ἐλθὼν
999 1251 1098 1319 οἴκαδε,

390 1345 446 1427 κᾷτ’
471 1356 504 1410 ἂν
525 1353 696 1427 ἐμπλησθεὶς
718 1352 760 1426 ἐφ’
784 1354 851 1428 dude
874 1345 956 1420 αὖθις
978 1345 1013 1410 od
1035 1355 1193 1410 κατέπιοτο.

237 1460 265 1516 9.
281 1457 435 1532 paratum
457 1457 505 1516 eet
526 1451 610 1534 quod
630 1449 696 1516 edit
716 1455 837 1528 Parcus,
862 1456 899 1515 cf.
912 1456 949 1514 ad
965 1456 1034 1515 Aul.
1048 1457 1119 1516 664.
1138 1486 1181 1496 -
1201 1457 1248 1512 ll.
1273 1453 1365 1510 Hunc
1481 1434 1483 1443 ’

235 1577 486 1636 quoquoversum
510 1563 540 1616 et
563 1557 613 1616 alii
636 1563 667 1616 et
682 1557 824 1616 Ribbeck.
842 1557 931 1616 Ennii
954 1579 1016 1618 ease
1038 1563 1198 1636 puterunt;
1220 1556 1272 1614 eed
1293 1560 1362 1614 tum
1484 1630 1485 1633 Ἴ

234 1663 418 1736 antecedere,
442 1681 501 1720 non
525 1661 668 1738 subsequi
690 1660 817 1720 debebat
838 1681 956 1720 versum
976 1662 1004 1734 3,
1028 1681 1082 1719 nec
1103 1661 1200 1732 video,
1225 1679 1277 1718 cur
1297 1677 1362 1717 uon

234 1765 365 1824 eiusdem
388 1769 485 1841 poetes
507 1783 571 1822 esse
592 1765 702 1842 poesit,
737 1766 788 1841 qni
816 1766 846 1822 in
874 1767 1019 1841 proximis
1045 1765 1170 1822 eundem
1192 1780 1362 1840 preconem

234 1867 418 1944 ulloquetnr3
452 1867 488 1926 ci.
510 1867 593 1926 Asin.
618 1869 636 1924 4
660 1886 724 1925 cum
752 1886 820 1925 eun.
848 1896 891 1907 —
923 1864 975 1943 fac
1000 1861 1121 1942 populo
1150 1859 1359 1936 audientiam,

233 1970 279 2027 fac
301 1975 336 2028 ut
358 1969 468 2046 audiat.
512 1969 605 2028 Panlo
628 1969 715 2027 eliter
731 1968 792 2029 Cio.
810 1969 873 2028 Cat
893 1971 960 2028 mai.
979 1972 1007 2042 9,
1033 1973 1087 2029 28;
1113 1971 1264 2045 „facitque
1285 1987 1359 2045 per·
1483 2023 1484 2050 ἒ

234 2091 311 2148 saepe
333 2073 402 2148 ipse
423 2071 480 2132 sibi
502 2071 684 2131 audientiam
706 2071 808 2130 diserti
831 2073 911 2130 senis
934 2077 1052 2149 compta
1073 2077 1104 2131 et
1127 2075 1208 2132 mitia
1227 2066 1357 2132 oretio“.

234 2203 273 2214 -
296 2177 344 2233 13.
368 2189 463 2252 quam
477 2191 546 2251 per,
569 2197 597 2234 r.
616 2175 654 2232 cd
666 2174 773 2252 Amph.
788 2176 858 2234 234.
876 2204 918 2214 -
935 2167 1017 2234 cluis
1034 2174 1114 2244 Low.
1133 2176 1220 2234 Auel.
1233 2197 1263 2254 p.
1276 2177 1357 2248 2063

232 2277 332 2336 melini
347 2275 474 2351 „olues“,
488 2278 569 2356 quod
581 2278 705 2337 Plautue
716 2278 814 2336 dicere
826 2277 917 2350 solet;
941 2277 1034 2356 Gepp.
1051 2275 1169 2354 „uales“
1184 2280 1356 2356 scripserat.

232 2409 272 2420 -
300 2381 345 2438 14.
372 2375 501 2440 tacitum
518 2380 639 2453 Pareus,
663 2383 682 2438 i.
703 2399 727 2439 e.
746 2385 902 2453 tacentem,
926 2382 962 2439 cf.
988 2383 1036 2440 32.
1063 2383 1135 2442 905.
1158 2381 1235 2440 Rud.
1262 2383 1354 2439 1114.

233 2481 335 2542 deio
363 2484 497 2560 spurium
525 2483 602 2542 huno
626 2501 742 2542 versum
765 2483 895 2542 censenti
918 2483 1057 2543 accedere
1078 2503 1140 2543 non
1161 2503 1288 2562 possum.
1310 2513 1356 2522 -—

235 2586 282 2644 15.
317 2585 500 2660 Praeconem,
529 2591 685 2664 postquem
713 2605 771 2644 vox
794 2587 856 2644 cius
879 2588 1028 2646 silentium
1050 2588 1222 2666 imperavit,
1248 2586 1354 2644 histrio

231 2690 339 2748 iterum
362 2687 492 2748 residere
513 2687 605 2762 iubet,
628 2689 811 2766 alteramque
833 2690 875 2762 ei,
904 2695 937 2748 ut
958 2695 1070 2763 taceat,
1098 2689 1264 2749 mercedem
1284 2709 1353 2766 pro·

231 2793 334 2867 mittit,
356 2793 392 2850 cf.
415 2792 497 2850 Asin.
523 2793 555 2850 5:
582 2791 664 2868 „Age
685 2811 762 2850 nnnc
784 2793 896 2865 reside;
920 2811 992 2851 cena
1015 2792 1102 2852 modo
1125 2813 1162 2851 ne
1185 2789 1319 2869 gratiis“.

320 2897 367 2953 16.
401 2887 531 2953 Bonum
558 2888 688 2968 factum,
717 2894 754 2952 ci.
778 2896 829 2954 45.
884 2895 1006 2956 Sueton.
1030 2893 1102 2954 Ces.
1126 2897 1181 2954 80:
1220 2895 1352 2970 „Bonum

230 2996 348 3070 lectum,
361 2999 477 3074 nequis
493 2998 623 3056 senatori
639 3016 717 3056 noro
734 2999 845 3057 curiam
863 3003 1029 3056 monstrare
1041 2995 1145 3057 velit“.
1178 2996 1278 3058 Vitell.
1298 3001 1350 3056 14:

234 3097 367 3172 „Bonum
394 3098 520 3171 lectum,
554 3119 591 3158 ue
619 3099 758 3160 Vitellius
785 3101 868 3159 intra
895 3101 1021 3159 eundem
1050 3100 1248 3160 Calendarum
1275 3101 1350 3160 diem

231 3220 353 3280 nequem
377 3198 483 3260 eseet“.
530 3201 651 3281 Semper
673 3203 796 3262 verbum
819 3203 1034 3263 substantivum
1057 3205 1216 3263 omittitur.
1262 3204 1349 3263 Nolui

230 3305 324 3379 igitur
353 3323 418 3364 cum
448 3305 579 3382 antiquis
607 3304 674 3364 edd.
707 3301 809 3380 „eese“
841 3307 872 3364 in
905 3302 986 3380 „est“
1022 3312 1153 3380 mutere,
1186 3307 1349 3388 presertim

230 3425 321 3483 quum
343 3427 403 3466 non
427 3413 488 3480 est,
511 3406 564 3465 sed
587 3409 644 3466 erit
664 3411 846 3486 requiratur.
901 3408 996 3487 Gepp.
1019 3415 1054 3468 ut
1076 3430 1103 3468 v.
1127 3412 1182 3469 45:
1220 3410 1348 3482 „Bonum

229 3509 328 3567 hercle
351 3505 498 3583 factum“;
522 3511 628 3569 sedin
648 3509 749 3584 „esse“
770 3513 850 3572 aliud
867 3514 961 3571 latere
983 3513 1117 3586 videtur;
1141 3527 1215 3590 erpo
1238 3513 1348 3589 scripsi.

229 3641 269 3650 -—
302 3613 350 3670 16.
383 3606 502 3671 Edicta
530 3611 592 3672 eius
620 3613 651 3670 id
679 3633 770 3672 unum
796 3620 948 3692 spectant,
983 3619 1017 3672 ut
1042 3621 1226 3692 spectatores
1248 3615 1350 3673 ordine

168 3747 170 3750 ·
228 3715 351 3773 sedeunt
373 3719 403 3772 et
425 3714 545 3776 cilentio
569 3721 719 3792 spectent,
748 3735 785 3774 ne
814 3715 919 3776 fubulae
948 3718 1026 3776 ectio
1049 3723 1101 3776 eut
1122 3720 1250 3793 strepitu
1271 3739 1348 3794 spec·

228 3822 358 3876 tutorum
386 3821 439 3874 eut
460 3818 567 3891 iurgiis
596 3818 732 3876 lictorum
760 3819 950 3878 immodestos
978 3821 1176 3878 coercentium
1205 3819 1347 3879 turbetur.

228 3919 329 3978 Rornae
363 3924 462 3978 antem
491 3949 534 3959 -
561 3939 615 3980 nec
648 3921 727 3978 enim
759 3920 938 3980 Benndorfio
972 3923 1151 3981 credendum
1184 3927 1230 3981 est
1258 3921 1348 3996 (Zeit-

228 4022 333 4082 schrift
359 4021 380 4080 f.
411 4023 581 4082 osterreich.
610 4022 789 4099 Gymnasien
816 4023 915 4082 XXVI
943 4045 972 4100 p.
1005 4019 1058 4099 85)
1091 4025 1154 4084 hec
1186 4024 1223 4084 de
1250 4023 1350 4084 Graeco

228 4129 318 4202 poeta
340 4124 500 4202 desumpta
522 4145 586 4184 esse
604 4155 646 4166 -
668 4125 797 4184 nondum
822 4127 929 4186 stabile
952 4126 1101 4186 theatrum
1125 4127 1183 4186 fuit
1205 4132 1257 4186 eut
1279 4129 1349 4205 lapi·

227 4225 316 4285 dibus
346 4231 508 4302 structum,
544 4229 631 4304 quale
654 4248 744 4304 quum
767 4248 793 4286 a.
820 4230 879 4288 154
904 4247 929 4286 e.
954 4227 1022 4288 Chr.
1046 4251 1075 4287 n.
1099 4249 1234 4290 censores
1256 4232 1351 4289 fecere

229 4330 327 4387 conati
362 4334 477 4402 essent,
512 4336 633 4390 eenetus
662 4331 840 4390 auctoritate
873 4330 1056 4410 prohibitum
1087 4336 1142 4390 est.
1197 4330 1295 4392 Cavea
1322 4333 1350 4390 in
