<?xml version="1.0" encoding="UTF-8"?>
<!DOCTYPE html PUBLIC "-//W3C//DTD XHTML 1.0 Transitional//EN"
    "http://www.w3.org/TR/xhtml1/DTD/xhtml1-transitional.dtd">
<html xmlns="http://www.w3.org/1999/xhtml" xml:lang="en" lang="en">
 <head>
  <title>
</title>
<meta http-equiv="Content-Type" content="text/html;charset=utf-8" />
  <meta name='ocr-system' content='tesseract 3.04.00' />
  <meta name='ocr-capabilities' content='ocr_page ocr_carea ocr_par ocr_line ocrx_word'/>
</head>
<body>
  <div class='ocr_page' id='page_1' title='image "./tmacciiplautico01ussigoog_0666.png"; bbox 0 0 2982 5020; ppageno 0'>
   <div class='ocr_carea' id='block_1_1' title="bbox 72 1649 1212 1870">
    <p class='ocr_par' dir='ltr' id='par_1_1' title="bbox 72 1649 1212 1870">
     <span class='ocr_line' id='line_1_1' title="bbox 72 1649 1212 1768; baseline 0.01 -24"><span class='ocrx_word' id='word_1_1' title='bbox 72 1649 215 1750; x_wconf 76' lang='lat' dir='ltr'><strong>Poenuli</strong></span> <span class='ocrx_word' id='word_1_2' title='bbox 238 1695 441 1766; x_wconf 79' lang='lat' dir='ltr'><strong>argumentum</strong></span> <span class='ocrx_word' id='word_1_3' title='bbox 470 1689 525 1748; x_wconf 88' lang='lat' dir='ltr'><strong>hoc</strong></span> <span class='ocrx_word' id='word_1_4' title='bbox 552 1695 606 1749; x_wconf 90' lang='lat' dir='ltr'><strong>est.</strong></span> <span class='ocrx_word' id='word_1_5' title='bbox 657 1689 751 1766; x_wconf 86' lang='lat' dir='ltr'><strong>Lycus</strong></span> <span class='ocrx_word' id='word_1_6' title='bbox 780 1690 847 1748; x_wconf 87' lang='lat' dir='ltr'><strong>leno</strong></span> <span class='ocrx_word' id='word_1_7' title='bbox 871 1690 1021 1768; x_wconf 75' lang='lat' dir='ltr'>Calydone</span> <span class='ocrx_word' id='word_1_8' title='bbox 1044 1695 1074 1754; x_wconf 90' lang='lat' dir='ltr'><strong>iu</strong></span> <span class='ocrx_word' id='word_1_9' title='bbox 1096 1696 1212 1754; x_wconf 83' lang='lat' dir='ltr'><strong>AEtolia</strong></span> 
     </span>
     <span class='ocr_line' id='line_1_2' title="bbox 72 1791 1211 1870; baseline 0.007 -20"><span class='ocrx_word' id='word_1_10' title='bbox 72 1794 196 1870; x_wconf 83' lang='lat' dir='ltr'><strong>degens</strong></span> <span class='ocrx_word' id='word_1_11' title='bbox 220 1791 293 1851; x_wconf 87' lang='lat' dir='ltr'><strong>duas</strong></span> <span class='ocrx_word' id='word_1_12' title='bbox 317 1792 429 1868; x_wconf 86' lang='lat' dir='ltr'><strong>puellas</strong></span> <span class='ocrx_word' id='word_1_13' title='bbox 452 1791 544 1850; x_wconf 87' lang='lat' dir='ltr'><strong>habet</strong></span> <span class='ocrx_word' id='word_1_14' title='bbox 566 1791 837 1866; x_wconf 82' lang='lat' dir='ltr'><strong>Carthaginienses,</strong></span> <span class='ocrx_word' id='word_1_15' title='bbox 871 1797 995 1869; x_wconf 87' lang='lat' dir='ltr'><strong>ingenue</strong></span> <span class='ocrx_word' id='word_1_16' title='bbox 1024 1803 1125 1870; x_wconf 85' lang='lat' dir='ltr'><strong>natas,</strong></span> <span class='ocrx_word' id='word_1_17' title='bbox 1160 1801 1211 1858; x_wconf 87' lang='lat' dir='ltr'><strong>sed</strong></span> 
     </span>
    </p>
   </div>
   <div class='ocr_carea' id='block_1_2' title="bbox 73 1887 1210 1974">
    <p class='ocr_par' dir='ltr' id='par_1_2' title="bbox 73 1887 1210 1974">
     <span class='ocr_line' id='line_1_3' title="bbox 73 1887 1210 1974; baseline 0.004 -20"><span class='ocrx_word' id='word_1_18' title='bbox 73 1897 212 1973; x_wconf 83' lang='lat' dir='ltr'><strong>parvula</strong></span> <span class='ocrx_word' id='word_1_19' title='bbox 234 1901 323 1954; x_wconf 76' lang='lat' dir='ltr'><strong>aetate</strong></span> <span class='ocrx_word' id='word_1_20' title='bbox 346 1917 405 1954; x_wconf 88' lang='lat' dir='ltr'><strong>uua</strong></span> <span class='ocrx_word' id='word_1_21' title='bbox 433 1915 498 1953; x_wconf 91' lang='lat' dir='ltr'><strong>oum</strong></span> <span class='ocrx_word' id='word_1_22' title='bbox 530 1887 652 1954; x_wconf 82' lang='lat' dir='ltr'><strong>nutrice</strong></span> <span class='ocrx_word' id='word_1_23' title='bbox 666 1901 819 1972; x_wconf 82' lang='lat' dir='ltr'><strong>surreptas</strong></span> <span class='ocrx_word' id='word_1_24' title='bbox 843 1897 959 1974; x_wconf 81' lang='lat' dir='ltr'>sibique</span> <span class='ocrx_word' id='word_1_25' title='bbox 982 1899 1012 1957; x_wconf 89' lang='lat' dir='ltr'><strong>in</strong></span> <span class='ocrx_word' id='word_1_26' title='bbox 1036 1902 1210 1960; x_wconf 87' lang='lat' dir='ltr'><strong>servitutem</strong></span> 
     </span>
    </p>
   </div>
   <div class='ocr_carea' id='block_1_3' title="bbox 29 1999 1211 4441">
    <p class='ocr_par' dir='ltr' id='par_1_3' title="bbox 29 1999 1211 4441">
     <span class='ocr_line' id='line_1_4' title="bbox 74 1999 1211 2077; baseline 0.006 -21"><span class='ocrx_word' id='word_1_27' title='bbox 74 2002 230 2058; x_wconf 83' lang='lat' dir='ltr'><strong>venditas.</strong></span> <span class='ocrx_word' id='word_1_28' title='bbox 276 1999 388 2056; x_wconf 87' lang='lat' dir='ltr'><strong>Earum</strong></span> <span class='ocrx_word' id='word_1_29' title='bbox 407 2001 545 2056; x_wconf 87' lang='lat' dir='ltr'><strong>maiorem</strong></span> <span class='ocrx_word' id='word_1_30' title='bbox 563 2003 644 2070; x_wconf 91' lang='lat' dir='ltr'><strong>natu,</strong></span> <span class='ocrx_word' id='word_1_31' title='bbox 668 1999 891 2076; x_wconf 89' lang='lat' dir='ltr'><strong>Adelphasium,</strong></span> <span class='ocrx_word' id='word_1_32' title='bbox 915 2003 1123 2077; x_wconf 79' lang='lat' dir='ltr'><strong>Agorastocles</strong></span> <span class='ocrx_word' id='word_1_33' title='bbox 1141 2004 1211 2063; x_wconf 86' lang='lat' dir='ltr'><strong>ado·</strong></span> 
     </span>
     <span class='ocr_line' id='line_1_5' title="bbox 75 2101 1208 2182; baseline 0.002 -22"><span class='ocrx_word' id='word_1_34' title='bbox 75 2104 198 2162; x_wconf 84' lang='lat' dir='ltr'><strong>lescens</strong></span> <span class='ocrx_word' id='word_1_35' title='bbox 220 2101 417 2178; x_wconf 79' lang='lat' dir='ltr'><strong>Calydonius,</strong></span> <span class='ocrx_word' id='word_1_36' title='bbox 441 2103 599 2173; x_wconf 87' lang='lat' dir='ltr'><strong>minorem,</strong></span> <span class='ocrx_word' id='word_1_37' title='bbox 622 2102 843 2174; x_wconf 87' lang='lat' dir='ltr'><strong>Anterastilem,</strong></span> <span class='ocrx_word' id='word_1_38' title='bbox 869 2104 953 2162; x_wconf 88' lang='lat' dir='ltr'><strong>miles</strong></span> <span class='ocrx_word' id='word_1_39' title='bbox 976 2105 1095 2182; x_wconf 84' lang='lat' dir='ltr'><strong>quidam</strong></span> <span class='ocrx_word' id='word_1_40' title='bbox 1119 2114 1208 2166; x_wconf 84' lang='lat' dir='ltr'><strong>amat.</strong></span> 
     </span>
     <span class='ocr_line' id='line_1_6' title="bbox 75 2203 1209 2287; baseline 0.005 -25"><span class='ocrx_word' id='word_1_41' title='bbox 75 2207 291 2284; x_wconf 79' lang='lat' dir='ltr'><strong>Agorastocles</strong></span> <span class='ocrx_word' id='word_1_42' title='bbox 314 2211 345 2261; x_wconf 88' lang='lat' dir='ltr'><strong>et</strong></span> <span class='ocrx_word' id='word_1_43' title='bbox 367 2206 430 2280; x_wconf 90' lang='lat' dir='ltr'><strong>ipse</strong></span> <span class='ocrx_word' id='word_1_44' title='bbox 453 2205 573 2262; x_wconf 82' lang='lat' dir='ltr'><strong>ustione</strong></span> <span class='ocrx_word' id='word_1_45' title='bbox 596 2203 848 2281; x_wconf 77' lang='lat' dir='ltr'><strong>Carthaginiensis</strong></span> <span class='ocrx_word' id='word_1_46' title='bbox 872 2211 926 2278; x_wconf 87' lang='lat' dir='ltr'><strong>est,</strong></span> <span class='ocrx_word' id='word_1_47' title='bbox 949 2227 1000 2266; x_wconf 83' lang='lat' dir='ltr'><strong>sex</strong></span> <span class='ocrx_word' id='word_1_48' title='bbox 1023 2215 1074 2266; x_wconf 90' lang='lat' dir='ltr'><strong>aut</strong></span> <span class='ocrx_word' id='word_1_49' title='bbox 1095 2215 1209 2287; x_wconf 87' lang='lat' dir='ltr'><strong>septem</strong></span> 
     </span>
     <span class='ocr_line' id='line_1_7' title="bbox 78 2307 1207 2384; baseline 0.004 -18"><span class='ocrx_word' id='word_1_50' title='bbox 78 2330 177 2369; x_wconf 76' lang='lat' dir='ltr'><strong>aunon</strong></span> <span class='ocrx_word' id='word_1_51' title='bbox 200 2313 289 2366; x_wconf 87' lang='lat' dir='ltr'><strong>uatus</strong></span> <span class='ocrx_word' id='word_1_52' title='bbox 312 2327 349 2365; x_wconf 85' lang='lat' dir='ltr'><strong>ex</strong></span> <span class='ocrx_word' id='word_1_53' title='bbox 370 2308 469 2384; x_wconf 89' lang='lat' dir='ltr'><strong>patria</strong></span> <span class='ocrx_word' id='word_1_54' title='bbox 491 2313 662 2383; x_wconf 86' lang='lat' dir='ltr'><strong>surreptue;</strong></span> <span class='ocrx_word' id='word_1_55' title='bbox 693 2307 745 2365; x_wconf 87' lang='lat' dir='ltr'><strong>sed</strong></span> <span class='ocrx_word' id='word_1_56' title='bbox 775 2309 826 2384; x_wconf 90' lang='lat' dir='ltr'><strong>qui</strong></span> <span class='ocrx_word' id='word_1_57' title='bbox 849 2327 914 2366; x_wconf 89' lang='lat' dir='ltr'><strong>eum</strong></span> <span class='ocrx_word' id='word_1_58' title='bbox 937 2319 1057 2384; x_wconf 88' lang='lat' dir='ltr'><strong>emerat,</strong></span> <span class='ocrx_word' id='word_1_59' title='bbox 1081 2313 1207 2372; x_wconf 89' lang='lat' dir='ltr'><strong>Antida-</strong></span> 
     </span>
     <span class='ocr_line' id='line_1_8' title="bbox 78 2409 1209 2490; baseline 0.003 -20"><span class='ocrx_word' id='word_1_60' title='bbox 78 2433 145 2470; x_wconf 90' lang='lat' dir='ltr'><strong>mas</strong></span> <span class='ocrx_word' id='word_1_61' title='bbox 170 2411 290 2470; x_wconf 78' lang='lat' dir='ltr'><strong>AEtolus</strong></span> <span class='ocrx_word' id='word_1_62' title='bbox 314 2430 379 2469; x_wconf 88' lang='lat' dir='ltr'><strong>eum</strong></span> <span class='ocrx_word' id='word_1_63' title='bbox 401 2415 505 2487; x_wconf 85' lang='lat' dir='ltr'><strong>postea</strong></span> <span class='ocrx_word' id='word_1_64' title='bbox 534 2409 705 2486; x_wconf 84' lang='lat' dir='ltr'><strong>adoptavit,</strong></span> <span class='ocrx_word' id='word_1_65' title='bbox 739 2411 860 2488; x_wconf 86' lang='lat' dir='ltr'><strong>vitaque</strong></span> <span class='ocrx_word' id='word_1_66' title='bbox 888 2411 1004 2470; x_wconf 87' lang='lat' dir='ltr'><strong>functus</strong></span> <span class='ocrx_word' id='word_1_67' title='bbox 1037 2432 1209 2490; x_wconf 85' lang='lat' dir='ltr'><strong>magnarum</strong></span> 
     </span>
     <span class='ocr_line' id='line_1_9' title="bbox 79 2513 1205 2594; baseline 0.005 -24"><span class='ocrx_word' id='word_1_68' title='bbox 79 2514 258 2572; x_wconf 86' lang='lat' dir='ltr'><strong>divitiarum</strong></span> <span class='ocrx_word' id='word_1_69' title='bbox 281 2513 420 2570; x_wconf 88' lang='lat' dir='ltr'><strong>heredem</strong></span> <span class='ocrx_word' id='word_1_70' title='bbox 442 2513 520 2570; x_wconf 86' lang='lat' dir='ltr'><strong>fecit.</strong></span> <span class='ocrx_word' id='word_1_71' title='bbox 576 2513 605 2570; x_wconf 91' lang='lat' dir='ltr'><strong>Is</strong></span> <span class='ocrx_word' id='word_1_72' title='bbox 628 2513 744 2588; x_wconf 84' lang='lat' dir='ltr'><strong>puellae,</strong></span> <span class='ocrx_word' id='word_1_73' title='bbox 769 2533 856 2589; x_wconf 85' lang='lat' dir='ltr'><strong>quam</strong></span> <span class='ocrx_word' id='word_1_74' title='bbox 880 2519 974 2585; x_wconf 84' lang='lat' dir='ltr'><strong>amat,</strong></span> <span class='ocrx_word' id='word_1_75' title='bbox 1009 2515 1065 2573; x_wconf 88' lang='lat' dir='ltr'><strong>iam</strong></span> <span class='ocrx_word' id='word_1_76' title='bbox 1088 2517 1205 2594; x_wconf 84' lang='lat' dir='ltr'><strong>pridem</strong></span> 
     </span>
     <span class='ocr_line' id='line_1_10' title="bbox 79 2615 1208 2694; baseline 0.003 -21"><span class='ocrx_word' id='word_1_77' title='bbox 79 2619 224 2694; x_wconf 85' lang='lat' dir='ltr'><strong>promisit</strong></span> <span class='ocrx_word' id='word_1_78' title='bbox 245 2635 276 2672; x_wconf 89' lang='lat' dir='ltr'><strong>se</strong></span> <span class='ocrx_word' id='word_1_79' title='bbox 299 2635 364 2674; x_wconf 86' lang='lat' dir='ltr'><strong>eam</strong></span> <span class='ocrx_word' id='word_1_80' title='bbox 387 2615 590 2686; x_wconf 86' lang='lat' dir='ltr'><strong>liberaturum,</strong></span> <span class='ocrx_word' id='word_1_81' title='bbox 614 2616 665 2673; x_wconf 91' lang='lat' dir='ltr'><strong>sed</strong></span> <span class='ocrx_word' id='word_1_82' title='bbox 689 2615 756 2673; x_wconf 88' lang='lat' dir='ltr'><strong>leno</strong></span> <span class='ocrx_word' id='word_1_83' title='bbox 780 2635 886 2674; x_wconf 86' lang='lat' dir='ltr'><strong>avarus</strong></span> <span class='ocrx_word' id='word_1_84' title='bbox 903 2617 960 2674; x_wconf 88' lang='lat' dir='ltr'><strong>nisi</strong></span> <span class='ocrx_word' id='word_1_85' title='bbox 979 2619 1093 2690; x_wconf 82' lang='lat' dir='ltr'><strong>ingenti</strong></span> <span class='ocrx_word' id='word_1_86' title='bbox 1112 2623 1208 2694; x_wconf 91' lang='lat' dir='ltr'><strong>pretio</strong></span> 
     </span>
     <span class='ocr_line' id='line_1_11' title="bbox 80 2717 1207 2794; baseline 0.003 -17"><span class='ocrx_word' id='word_1_87' title='bbox 80 2719 213 2778; x_wconf 86' lang='lat' dir='ltr'><strong>vendere</strong></span> <span class='ocrx_word' id='word_1_88' title='bbox 236 2737 293 2776; x_wconf 91' lang='lat' dir='ltr'><strong>non</strong></span> <span class='ocrx_word' id='word_1_89' title='bbox 315 2719 389 2780; x_wconf 85' lang='lat' dir='ltr'><strong>vult.</strong></span> <span class='ocrx_word' id='word_1_90' title='bbox 435 2719 532 2790; x_wconf 80' lang='lat' dir='ltr'><strong>Qu&#39;are</strong></span> <span class='ocrx_word' id='word_1_91' title='bbox 555 2717 690 2794; x_wconf 84' lang='lat' dir='ltr'><strong>Milphio,</strong></span> <span class='ocrx_word' id='word_1_92' title='bbox 713 2737 816 2776; x_wconf 87' lang='lat' dir='ltr'><strong>servus</strong></span> <span class='ocrx_word' id='word_1_93' title='bbox 840 2717 1041 2792; x_wconf 87' lang='lat' dir='ltr'><strong>adolescentis,</strong></span> <span class='ocrx_word' id='word_1_94' title='bbox 1070 2721 1207 2780; x_wconf 88' lang='lat' dir='ltr'><strong>lenonem</strong></span> 
     </span>
     <span class='ocr_line' id='line_1_12' title="bbox 81 2819 1207 2898; baseline 0.004 -19"><span class='ocrx_word' id='word_1_95' title='bbox 81 2821 194 2881; x_wconf 89' lang='lat' dir='ltr'><strong>callido</strong></span> <span class='ocrx_word' id='word_1_96' title='bbox 223 2821 346 2880; x_wconf 90' lang='lat' dir='ltr'><strong>oonsilio</strong></span> <span class='ocrx_word' id='word_1_97' title='bbox 375 2823 586 2880; x_wconf 82' lang='lat' dir='ltr'><strong>circumvenire</strong></span> <span class='ocrx_word' id='word_1_98' title='bbox 619 2827 709 2898; x_wconf 89' lang='lat' dir='ltr'><strong>atque</strong></span> <span class='ocrx_word' id='word_1_99' title='bbox 737 2819 812 2880; x_wconf 86' lang='lat' dir='ltr'><strong>adeo</strong></span> <span class='ocrx_word' id='word_1_100' title='bbox 833 2821 959 2898; x_wconf 85' lang='lat' dir='ltr'><strong>perdere</strong></span> <span class='ocrx_word' id='word_1_101' title='bbox 981 2829 1119 2897; x_wconf 89' lang='lat' dir='ltr'><strong>conatur,</strong></span> <span class='ocrx_word' id='word_1_102' title='bbox 1153 2845 1207 2883; x_wconf 92' lang='lat' dir='ltr'><strong>uec</strong></span> 
     </span>
     <span class='ocr_line' id='line_1_13' title="bbox 80 2924 1206 3000; baseline 0.003 -18"><span class='ocrx_word' id='word_1_103' title='bbox 80 2924 174 2984; x_wconf 84' lang='lat' dir='ltr'><strong>herus</strong></span> <span class='ocrx_word' id='word_1_104' title='bbox 197 2924 323 2996; x_wconf 90' lang='lat' dir='ltr'><strong>dubitat,</strong></span> <span class='ocrx_word' id='word_1_105' title='bbox 347 2926 419 3000; x_wconf 91' lang='lat' dir='ltr'><strong>quin</strong></span> <span class='ocrx_word' id='word_1_106' title='bbox 442 2924 583 2983; x_wconf 86' lang='lat' dir='ltr'><strong>adversus</strong></span> <span class='ocrx_word' id='word_1_107' title='bbox 605 2925 739 2983; x_wconf 85' lang='lat' dir='ltr'><strong>lenonem</strong></span> <span class='ocrx_word' id='word_1_108' title='bbox 757 2926 856 2984; x_wconf 91' lang='lat' dir='ltr'><strong>omnia</strong></span> <span class='ocrx_word' id='word_1_109' title='bbox 873 2945 1011 2984; x_wconf 80' lang='lat' dir='ltr'><strong>concessa</strong></span> <span class='ocrx_word' id='word_1_110' title='bbox 1028 2930 1097 2985; x_wconf 83' lang='lat' dir='ltr'><strong>siut.</strong></span> <span class='ocrx_word' id='word_1_111' title='bbox 1132 2927 1206 2986; x_wconf 86' lang='lat' dir='ltr'><strong>Nam</strong></span> 
     </span>
     <span class='ocr_line' id='line_1_14' title="bbox 79 3028 1209 3107; baseline 0.004 -23"><span class='ocrx_word' id='word_1_112' title='bbox 79 3028 202 3086; x_wconf 84' lang='lat' dir='ltr'><strong>vilicum</strong></span> <span class='ocrx_word' id='word_1_113' title='bbox 232 3045 318 3085; x_wconf 87' lang='lat' dir='ltr'><strong>suum</strong></span> <span class='ocrx_word' id='word_1_114' title='bbox 344 3029 494 3103; x_wconf 86' lang='lat' dir='ltr'><strong>peregrini</strong></span> <span class='ocrx_word' id='word_1_115' title='bbox 522 3028 625 3085; x_wconf 89' lang='lat' dir='ltr'><strong>militis</strong></span> <span class='ocrx_word' id='word_1_116' title='bbox 654 3032 761 3086; x_wconf 89' lang='lat' dir='ltr'><strong>ornatu</strong></span> <span class='ocrx_word' id='word_1_117' title='bbox 789 3048 854 3086; x_wconf 92' lang='lat' dir='ltr'><strong>cum</strong></span> <span class='ocrx_word' id='word_1_118' title='bbox 883 3045 989 3102; x_wconf 87' lang='lat' dir='ltr'><strong>magua</strong></span> <span class='ocrx_word' id='word_1_119' title='bbox 1018 3032 1143 3107; x_wconf 87' lang='lat' dir='ltr'><strong>pecunia</strong></span> <span class='ocrx_word' id='word_1_120' title='bbox 1171 3030 1209 3088; x_wconf 89' lang='lat' dir='ltr'><strong>ad</strong></span> 
     </span>
     <span class='ocr_line' id='line_1_15' title="bbox 82 3130 1207 3208; baseline 0.005 -22"><span class='ocrx_word' id='word_1_121' title='bbox 82 3130 219 3190; x_wconf 89' lang='lat' dir='ltr'><strong>lenonem</strong></span> <span class='ocrx_word' id='word_1_122' title='bbox 242 3131 350 3203; x_wconf 85' lang='lat' dir='ltr'><strong>mittit,</strong></span> <span class='ocrx_word' id='word_1_123' title='bbox 381 3133 467 3206; x_wconf 87' lang='lat' dir='ltr'><strong>quasi</strong></span> <span class='ocrx_word' id='word_1_124' title='bbox 492 3131 543 3206; x_wconf 93' lang='lat' dir='ltr'><strong>qui</strong></span> <span class='ocrx_word' id='word_1_125' title='bbox 573 3131 615 3190; x_wconf 93' lang='lat' dir='ltr'><strong>ibi</strong></span> <span class='ocrx_word' id='word_1_126' title='bbox 642 3131 788 3208; x_wconf 86' lang='lat' dir='ltr'><strong>voluptati</strong></span> <span class='ocrx_word' id='word_1_127' title='bbox 816 3149 876 3189; x_wconf 77' lang='lat' dir='ltr'><strong>sua</strong></span> <span class='ocrx_word' id='word_1_128' title='bbox 905 3131 1073 3191; x_wconf 84' lang='lat' dir='ltr'><strong>satisfacere</strong></span> <span class='ocrx_word' id='word_1_129' title='bbox 1096 3134 1207 3208; x_wconf 88' lang='lat' dir='ltr'><strong>cupiat.</strong></span> 
     </span>
     <span class='ocr_line' id='line_1_16' title="bbox 83 3233 1206 3314; baseline 0.004 -24"><span class='ocrx_word' id='word_1_130' title='bbox 83 3233 140 3305; x_wconf 77' lang='lat' dir='ltr'><strong>Qui</strong></span> <span class='ocrx_word' id='word_1_131' title='bbox 163 3237 321 3311; x_wconf 88' lang='lat' dir='ltr'><strong>postquam</strong></span> <span class='ocrx_word' id='word_1_132' title='bbox 351 3233 387 3290; x_wconf 89' lang='lat' dir='ltr'><strong>ab</strong></span> <span class='ocrx_word' id='word_1_133' title='bbox 417 3253 452 3292; x_wconf 88' lang='lat' dir='ltr'><strong>eo</strong></span> <span class='ocrx_word' id='word_1_134' title='bbox 482 3237 620 3310; x_wconf 87' lang='lat' dir='ltr'><strong>receptus</strong></span> <span class='ocrx_word' id='word_1_135' title='bbox 650 3239 712 3307; x_wconf 89' lang='lat' dir='ltr'><strong>est,</strong></span> <span class='ocrx_word' id='word_1_136' title='bbox 746 3233 956 3314; x_wconf 78' lang='lat' dir='ltr'><strong>Agorastocles</strong></span> <span class='ocrx_word' id='word_1_137' title='bbox 980 3236 1113 3294; x_wconf 90' lang='lat' dir='ltr'><strong>lenonem</strong></span> <span class='ocrx_word' id='word_1_138' title='bbox 1137 3257 1206 3294; x_wconf 90' lang='lat' dir='ltr'><strong>con·</strong></span> 
     </span>
     <span class='ocr_line' id='line_1_17' title="bbox 84 3339 1208 3416; baseline 0.003 -22"><span class='ocrx_word' id='word_1_139' title='bbox 84 3339 167 3394; x_wconf 86' lang='lat' dir='ltr'><strong>veuit</strong></span> <span class='ocrx_word' id='word_1_140' title='bbox 196 3357 227 3394; x_wconf 88' lang='lat' dir='ltr'><strong>se</strong></span> <span class='ocrx_word' id='word_1_141' title='bbox 255 3339 433 3416; x_wconf 88' lang='lat' dir='ltr'><strong>comperisse</strong></span> <span class='ocrx_word' id='word_1_142' title='bbox 462 3355 586 3394; x_wconf 86' lang='lat' dir='ltr'><strong>narrans</strong></span> <span class='ocrx_word' id='word_1_143' title='bbox 613 3355 729 3395; x_wconf 86' lang='lat' dir='ltr'><strong>servum</strong></span> <span class='ocrx_word' id='word_1_144' title='bbox 763 3357 849 3396; x_wconf 88' lang='lat' dir='ltr'><strong>suum</strong></span> <span class='ocrx_word' id='word_1_145' title='bbox 882 3357 946 3396; x_wconf 88' lang='lat' dir='ltr'><strong>curn</strong></span> <span class='ocrx_word' id='word_1_146' title='bbox 975 3339 1101 3416; x_wconf 86' lang='lat' dir='ltr'><strong>pecunia</strong></span> <span class='ocrx_word' id='word_1_147' title='bbox 1127 3340 1208 3399; x_wconf 86' lang='lat' dir='ltr'><strong>furto</strong></span> 
     </span>
     <span class='ocr_line' id='line_1_18' title="bbox 84 3438 1207 3517; baseline 0.003 -21"><span class='ocrx_word' id='word_1_148' title='bbox 84 3439 186 3498; x_wconf 86' lang='lat' dir='ltr'><strong>ablate</strong></span> <span class='ocrx_word' id='word_1_149' title='bbox 213 3439 251 3497; x_wconf 90' lang='lat' dir='ltr'><strong>ad</strong></span> <span class='ocrx_word' id='word_1_150' title='bbox 281 3459 347 3497; x_wconf 91' lang='lat' dir='ltr'><strong>enm</strong></span> <span class='ocrx_word' id='word_1_151' title='bbox 376 3439 556 3516; x_wconf 86' lang='lat' dir='ltr'><strong>confugisse;</strong></span> <span class='ocrx_word' id='word_1_152' title='bbox 590 3438 670 3515; x_wconf 85' lang='lat' dir='ltr'><strong>quod</strong></span> <span class='ocrx_word' id='word_1_153' title='bbox 693 3460 784 3517; x_wconf 91' lang='lat' dir='ltr'><strong>quum</strong></span> <span class='ocrx_word' id='word_1_154' title='bbox 806 3439 916 3498; x_wconf 86' lang='lat' dir='ltr'><strong>fuctum</strong></span> <span class='ocrx_word' id='word_1_155' title='bbox 940 3459 1004 3499; x_wconf 89' lang='lat' dir='ltr'><strong>esse</strong></span> <span class='ocrx_word' id='word_1_156' title='bbox 1026 3445 1129 3515; x_wconf 89' lang='lat' dir='ltr'><strong>neget,</strong></span> <span class='ocrx_word' id='word_1_157' title='bbox 1164 3447 1207 3499; x_wconf 92' lang='lat' dir='ltr'><strong>te-</strong></span> 
     </span>
     <span class='ocr_line' id='line_1_19' title="bbox 84 3539 1208 3616; baseline 0.002 -16"><span class='ocrx_word' id='word_1_158' title='bbox 84 3543 181 3600; x_wconf 86' lang='lat' dir='ltr'><strong>stibus</strong></span> <span class='ocrx_word' id='word_1_159' title='bbox 209 3541 361 3602; x_wconf 87' lang='lat' dir='ltr'><strong>advocatis</strong></span> <span class='ocrx_word' id='word_1_160' title='bbox 388 3561 436 3600; x_wconf 90' lang='lat' dir='ltr'><strong>res</strong></span> <span class='ocrx_word' id='word_1_161' title='bbox 464 3539 672 3616; x_wconf 84' lang='lat' dir='ltr'><strong>confirmatur,</strong></span> <span class='ocrx_word' id='word_1_162' title='bbox 708 3549 739 3600; x_wconf 87' lang='lat' dir='ltr'><strong>et</strong></span> <span class='ocrx_word' id='word_1_163' title='bbox 765 3545 831 3601; x_wconf 91' lang='lat' dir='ltr'><strong>leno</strong></span> <span class='ocrx_word' id='word_1_164' title='bbox 859 3545 933 3601; x_wconf 80' lang='lat' dir='ltr'><strong>furti</strong></span> <span class='ocrx_word' id='word_1_165' title='bbox 962 3543 1109 3602; x_wconf 77' lang='lat' dir='ltr'><strong>manifesti</strong></span> <span class='ocrx_word' id='word_1_166' title='bbox 1140 3563 1208 3602; x_wconf 89' lang='lat' dir='ltr'><strong>reus</strong></span> 
     </span>
     <span class='ocr_line' id='line_1_20' title="bbox 86 3643 1207 3722; baseline 0.003 -20"><span class='ocrx_word' id='word_1_167' title='bbox 86 3651 139 3703; x_wconf 91' lang='lat' dir='ltr'><strong>est.</strong></span> <span class='ocrx_word' id='word_1_168' title='bbox 197 3643 288 3703; x_wconf 84' lang='lat' dir='ltr'><strong>Simul</strong></span> <span class='ocrx_word' id='word_1_169' title='bbox 318 3645 397 3703; x_wconf 89' lang='lat' dir='ltr'><strong>aliud</strong></span> <span class='ocrx_word' id='word_1_170' title='bbox 425 3646 452 3702; x_wconf 92' lang='lat' dir='ltr'><strong>ei</strong></span> <span class='ocrx_word' id='word_1_171' title='bbox 480 3645 615 3702; x_wconf 90' lang='lat' dir='ltr'><strong>imminet</strong></span> <span class='ocrx_word' id='word_1_172' title='bbox 649 3645 822 3722; x_wconf 86' lang='lat' dir='ltr'><strong>periculum.</strong></span> <span class='ocrx_word' id='word_1_173' title='bbox 878 3645 1072 3720; x_wconf 81' lang='lat' dir='ltr'><strong>Syncerastus</strong></span> <span class='ocrx_word' id='word_1_174' title='bbox 1104 3665 1207 3705; x_wconf 85' lang='lat' dir='ltr'><strong>servus</strong></span> 
     </span>
     <span class='ocr_line' id='line_1_21' title="bbox 29 3747 1207 3826; baseline 0.002 -22"><span class='ocrx_word' id='word_1_175' title='bbox 29 3785 39 3798; x_wconf 79' lang='lat'>·</span> <span class='ocrx_word' id='word_1_176' title='bbox 86 3750 147 3806; x_wconf 87' lang='lat' dir='ltr'><strong>eius</strong></span> <span class='ocrx_word' id='word_1_177' title='bbox 178 3747 298 3808; x_wconf 87' lang='lat' dir='ltr'><strong>domino</strong></span> <span class='ocrx_word' id='word_1_178' title='bbox 328 3750 422 3806; x_wconf 89' lang='lat' dir='ltr'><strong>iratus</strong></span> <span class='ocrx_word' id='word_1_179' title='bbox 450 3747 606 3824; x_wconf 86' lang='lat' dir='ltr'><strong>Milphioui</strong></span> <span class='ocrx_word' id='word_1_180' title='bbox 635 3753 752 3822; x_wconf 85' lang='lat' dir='ltr'><strong>narrat,</strong></span> <span class='ocrx_word' id='word_1_181' title='bbox 785 3747 999 3826; x_wconf 87' lang='lat' dir='ltr'><strong>Adelphasium</strong></span> <span class='ocrx_word' id='word_1_182' title='bbox 1029 3753 1059 3807; x_wconf 88' lang='lat' dir='ltr'><strong>et</strong></span> <span class='ocrx_word' id='word_1_183' title='bbox 1080 3747 1207 3806; x_wconf 85' lang='lat' dir='ltr'><strong>Antera-</strong></span> 
     </span>
     <span class='ocr_line' id='line_1_22' title="bbox 86 3849 1205 3926; baseline 0.003 -19"><span class='ocrx_word' id='word_1_184' title='bbox 86 3851 184 3909; x_wconf 88' lang='lat' dir='ltr'><strong>stilem</strong></span> <span class='ocrx_word' id='word_1_185' title='bbox 207 3853 349 3926; x_wconf 88' lang='lat' dir='ltr'><strong>ingenuas</strong></span> <span class='ocrx_word' id='word_1_186' title='bbox 372 3871 446 3925; x_wconf 86' lang='lat' dir='ltr'><strong>esse,</strong></span> <span class='ocrx_word' id='word_1_187' title='bbox 475 3855 509 3908; x_wconf 86' lang='lat' dir='ltr'><strong>ut</strong></span> <span class='ocrx_word' id='word_1_188' title='bbox 538 3869 587 3908; x_wconf 90' lang='lat' dir='ltr'><strong>eas</strong></span> <span class='ocrx_word' id='word_1_189' title='bbox 610 3849 817 3924; x_wconf 85' lang='lat' dir='ltr'><strong>Agorastocles</strong></span> <span class='ocrx_word' id='word_1_190' title='bbox 838 3853 870 3910; x_wconf 93' lang='lat' dir='ltr'><strong>in</strong></span> <span class='ocrx_word' id='word_1_191' title='bbox 891 3851 1060 3909; x_wconf 88' lang='lat' dir='ltr'><strong>libertatem</strong></span> <span class='ocrx_word' id='word_1_192' title='bbox 1084 3857 1205 3912; x_wconf 87' lang='lat' dir='ltr'><strong>asserat.</strong></span> 
     </span>
     <span class='ocr_line' id='line_1_23' title="bbox 88 3952 1205 4028; baseline 0.003 -17"><span class='ocrx_word' id='word_1_193' title='bbox 88 3953 142 4025; x_wconf 74' lang='lat' dir='ltr'><strong>Qui</strong></span> <span class='ocrx_word' id='word_1_194' title='bbox 165 3953 234 4011; x_wconf 90' lang='lat' dir='ltr'><strong>dum</strong></span> <span class='ocrx_word' id='word_1_195' title='bbox 263 3952 395 4028; x_wconf 87' lang='lat' dir='ltr'><strong>dubitat,</strong></span> <span class='ocrx_word' id='word_1_196' title='bbox 429 3971 488 4028; x_wconf 87' lang='lat' dir='ltr'><strong>qua</strong></span> <span class='ocrx_word' id='word_1_197' title='bbox 517 3955 633 4012; x_wconf 91' lang='lat' dir='ltr'><strong>ratione</strong></span> <span class='ocrx_word' id='word_1_198' title='bbox 662 3953 730 4012; x_wconf 89' lang='lat' dir='ltr'><strong>huic</strong></span> <span class='ocrx_word' id='word_1_199' title='bbox 759 3955 914 4012; x_wconf 89' lang='lat' dir='ltr'><strong>assertioni</strong></span> <span class='ocrx_word' id='word_1_200' title='bbox 942 3953 1030 4012; x_wconf 88' lang='lat' dir='ltr'><strong>fidem</strong></span> <span class='ocrx_word' id='word_1_201' title='bbox 1059 3955 1205 4028; x_wconf 87' lang='lat' dir='ltr'><strong>conciliet,</strong></span> 
     </span>
     <span class='ocr_line' id='line_1_24' title="bbox 88 4055 1207 4134; baseline 0.004 -22"><span class='ocrx_word' id='word_1_202' title='bbox 88 4061 254 4134; x_wconf 87' lang='lat' dir='ltr'><strong>opportune</strong></span> <span class='ocrx_word' id='word_1_203' title='bbox 277 4055 383 4114; x_wconf 86' lang='lat' dir='ltr'><strong>Hanno</strong></span> <span class='ocrx_word' id='word_1_204' title='bbox 406 4055 538 4128; x_wconf 89' lang='lat' dir='ltr'><strong>Poenus,</strong></span> <span class='ocrx_word' id='word_1_205' title='bbox 572 4061 658 4134; x_wconf 84' lang='lat' dir='ltr'><strong>pater</strong></span> <span class='ocrx_word' id='word_1_206' title='bbox 680 4076 794 4129; x_wconf 85' lang='lat' dir='ltr'><strong>earum,</strong></span> <span class='ocrx_word' id='word_1_207' title='bbox 825 4057 877 4132; x_wconf 89' lang='lat' dir='ltr'><strong>qui</strong></span> <span class='ocrx_word' id='word_1_208' title='bbox 906 4075 961 4132; x_wconf 92' lang='lat' dir='ltr'><strong>per</strong></span> <span class='ocrx_word' id='word_1_209' title='bbox 984 4057 1092 4114; x_wconf 90' lang='lat' dir='ltr'><strong>multos</strong></span> <span class='ocrx_word' id='word_1_210' title='bbox 1115 4077 1207 4116; x_wconf 86' lang='lat' dir='ltr'><strong>annos</strong></span> 
     </span>
     <span class='ocr_line' id='line_1_25' title="bbox 89 4157 1204 4236; baseline 0.003 -21"><span class='ocrx_word' id='word_1_211' title='bbox 89 4179 134 4216; x_wconf 90' lang='lat' dir='ltr'><strong>eas</strong></span> <span class='ocrx_word' id='word_1_212' title='bbox 163 4159 275 4234; x_wconf 85' lang='lat' dir='ltr'><strong>ubique</strong></span> <span class='ocrx_word' id='word_1_213' title='bbox 305 4159 455 4233; x_wconf 73' lang='lat' dir='ltr'><strong>quaesivit,</strong></span> <span class='ocrx_word' id='word_1_214' title='bbox 484 4157 662 4233; x_wconf 82' lang='lat' dir='ltr'><strong>Calydonem</strong></span> <span class='ocrx_word' id='word_1_215' title='bbox 690 4161 773 4218; x_wconf 88' lang='lat' dir='ltr'><strong>veuit</strong></span> <span class='ocrx_word' id='word_1_216' title='bbox 795 4164 824 4217; x_wconf 88' lang='lat' dir='ltr'><strong>et</strong></span> <span class='ocrx_word' id='word_1_217' title='bbox 846 4158 884 4217; x_wconf 90' lang='lat' dir='ltr'><strong>ab</strong></span> <span class='ocrx_word' id='word_1_218' title='bbox 906 4159 1097 4236; x_wconf 89' lang='lat' dir='ltr'><strong>Agorastocle</strong></span> <span class='ocrx_word' id='word_1_219' title='bbox 1119 4161 1204 4218; x_wconf 89' lang='lat' dir='ltr'><strong>Anti·</strong></span> 
     </span>
     <span class='ocr_line' id='line_1_26' title="bbox 90 4259 1206 4340; baseline 0.003 -22"><span class='ocrx_word' id='word_1_220' title='bbox 90 4261 232 4320; x_wconf 88' lang='lat' dir='ltr'><strong>damantis</strong></span> <span class='ocrx_word' id='word_1_221' title='bbox 267 4259 344 4332; x_wconf 86' lang='lat' dir='ltr'><strong>filio,</strong></span> <span class='ocrx_word' id='word_1_222' title='bbox 385 4263 500 4338; x_wconf 86' lang='lat' dir='ltr'><strong>quicum</strong></span> <span class='ocrx_word' id='word_1_223' title='bbox 534 4269 660 4337; x_wconf 87' lang='lat' dir='ltr'><strong>paterno</strong></span> <span class='ocrx_word' id='word_1_224' title='bbox 694 4262 824 4337; x_wconf 91' lang='lat' dir='ltr'><strong>hospitio</strong></span> <span class='ocrx_word' id='word_1_225' title='bbox 857 4265 974 4320; x_wconf 90' lang='lat' dir='ltr'><strong>iunctus</strong></span> <span class='ocrx_word' id='word_1_226' title='bbox 1007 4263 1117 4335; x_wconf 88' lang='lat' dir='ltr'><strong>fuerat,</strong></span> <span class='ocrx_word' id='word_1_227' title='bbox 1151 4283 1206 4340; x_wconf 89' lang='lat' dir='ltr'><strong>pro</strong></span> 
     </span>
     <span class='ocr_line' id='line_1_27' title="bbox 89 4363 1206 4441; baseline 0.003 -20"><span class='ocrx_word' id='word_1_228' title='bbox 89 4369 193 4441; x_wconf 83' lang='lat' dir='ltr'><strong>patruo</strong></span> <span class='ocrx_word' id='word_1_229' title='bbox 213 4365 393 4438; x_wconf 84' lang='lat' dir='ltr'><strong>agnoscitur.</strong></span> <span class='ocrx_word' id='word_1_230' title='bbox 436 4363 511 4421; x_wconf 90' lang='lat' dir='ltr'><strong>Huic</strong></span> <span class='ocrx_word' id='word_1_231' title='bbox 528 4365 620 4440; x_wconf 89' lang='lat' dir='ltr'><strong>igitur</strong></span> <span class='ocrx_word' id='word_1_232' title='bbox 636 4366 786 4441; x_wconf 84' lang='lat' dir='ltr'><strong>negotium</strong></span> <span class='ocrx_word' id='word_1_233' title='bbox 805 4363 892 4422; x_wconf 88' lang='lat' dir='ltr'><strong>datur</strong></span> <span class='ocrx_word' id='word_1_234' title='bbox 910 4365 1025 4441; x_wconf 81' lang='lat' dir='ltr'><strong>puellus</strong></span> <span class='ocrx_word' id='word_1_235' title='bbox 1044 4367 1206 4440; x_wconf 84' lang='lat' dir='ltr'><strong>asserendi,</strong></span> 
     </span>
    </p>
   </div>
   <div class='ocr_carea' id='block_1_4' title="bbox 955 4479 1001 4530">
    <p class='ocr_par' dir='ltr' id='par_1_4' title="bbox 955 4479 1001 4530">
     <span class='ocr_line' id='line_1_28' title="bbox 955 4479 1001 4530; baseline 0 0"><span class='ocrx_word' id='word_1_236' title='bbox 955 4479 1001 4530; x_wconf 84' lang='lat'><strong>19*</strong></span> 
     </span>
    </p>
   </div>
   <div class='ocr_carea' id='block_1_5' title="bbox 0 0 1498 5020">
    <p class='ocr_par' dir='ltr' id='par_1_5' title="bbox 0 0 1498 5020">
     <span class='ocr_line' id='line_1_29' title="bbox 0 0 1498 5020; baseline 0 0"><span class='ocrx_word' id='word_1_237' title='bbox 0 0 1498 5020; x_wconf 95' lang='lat' dir='ltr'><strong> </strong></span> 
     </span>
    </p>
   </div>
  </div>
 </body>
</html>
