<?xml version="1.0" encoding="UTF-8"?>
<!DOCTYPE html PUBLIC "-//W3C//DTD XHTML 1.0 Transitional//EN"
    "http://www.w3.org/TR/xhtml1/DTD/xhtml1-transitional.dtd">
<html xmlns="http://www.w3.org/1999/xhtml" xml:lang="en" lang="en">
 <head>
  <title>
</title>
<meta http-equiv="Content-Type" content="text/html;charset=utf-8" />
  <meta name='ocr-system' content='tesseract 3.04.00' />
  <meta name='ocr-capabilities' content='ocr_page ocr_carea ocr_par ocr_line ocrx_word'/>
</head>
<body>
  <div class='ocr_page' id='page_1' title='image "./tmacciiplautico01ussigoog_0230.png"; bbox 0 0 2978 5004; ppageno 0'>
   <div class='ocr_carea' id='block_1_1' title="bbox 20 1673 1200 4460">
    <p class='ocr_par' dir='ltr' id='par_1_1' title="bbox 20 1673 1200 4460">
     <span class='ocr_line' id='line_1_1' title="bbox 105 1673 1193 1775; baseline 0 -5"><span class='ocrx_word' id='word_1_1' title='bbox 105 1673 255 1774; x_wconf 75' lang='lat' dir='ltr'><strong>Pleusicles</strong></span> <span class='ocrx_word' id='word_1_2' title='bbox 283 1715 455 1775; x_wconf 73' lang='lat' dir='ltr'><strong>adolescens</strong></span> <span class='ocrx_word' id='word_1_3' title='bbox 483 1713 593 1773; x_wconf 90' lang='lat' dir='ltr'><strong>nobilis</strong></span> <span class='ocrx_word' id='word_1_4' title='bbox 614 1712 804 1773; x_wconf 79' lang='lat' dir='ltr'><strong>Atheniensis</strong></span> <span class='ocrx_word' id='word_1_5' title='bbox 827 1712 1077 1772; x_wconf 89' lang='lat' dir='ltr'><strong>Philocomasium</strong></span> <span class='ocrx_word' id='word_1_6' title='bbox 1100 1731 1193 1770; x_wconf 90' lang='lat' dir='ltr'><strong>mere-</strong></span> 
     </span>
     <span class='ocr_line' id='line_1_2' title="bbox 105 1813 1192 1893; baseline -0.003 -18"><span class='ocrx_word' id='word_1_7' title='bbox 105 1819 196 1876; x_wconf 86' lang='lat' dir='ltr'><strong>tricem</strong></span> <span class='ocrx_word' id='word_1_8' title='bbox 218 1819 350 1891; x_wconf 88' lang='lat' dir='ltr'><strong>amabat;</strong></span> <span class='ocrx_word' id='word_1_9' title='bbox 379 1817 433 1876; x_wconf 91' lang='lat' dir='ltr'><strong>sed</strong></span> <span class='ocrx_word' id='word_1_10' title='bbox 455 1815 525 1875; x_wconf 90' lang='lat' dir='ltr'><strong>dum</strong></span> <span class='ocrx_word' id='word_1_11' title='bbox 549 1817 594 1874; x_wconf 90' lang='lat' dir='ltr'><strong>rei</strong></span> <span class='ocrx_word' id='word_1_12' title='bbox 622 1814 750 1893; x_wconf 75' lang='lat' dir='ltr'><strong>publicas</strong></span> <span class='ocrx_word' id='word_1_13' title='bbox 778 1835 869 1874; x_wconf 86' lang='lat' dir='ltr'><strong>cause</strong></span> <span class='ocrx_word' id='word_1_14' title='bbox 890 1815 1076 1893; x_wconf 72' lang='lat' dir='ltr'><strong>Naupactum</strong></span> <span class='ocrx_word' id='word_1_15' title='bbox 1103 1813 1192 1892; x_wconf 85' lang='lat' dir='ltr'><strong>profi·</strong></span> 
     </span>
     <span class='ocr_line' id='line_1_3' title="bbox 105 1903 1192 1998; baseline -0.003 -20"><span class='ocrx_word' id='word_1_16' title='bbox 105 1922 220 1994; x_wconf 81' lang='lat' dir='ltr'><strong>circitor,</strong></span> <span class='ocrx_word' id='word_1_17' title='bbox 244 1903 489 1998; x_wconf 71' lang='lat' dir='ltr'><strong>Pyrgopolinices</strong></span> <span class='ocrx_word' id='word_1_18' title='bbox 505 1919 600 1991; x_wconf 89' lang='lat' dir='ltr'><strong>miles,</strong></span> <span class='ocrx_word' id='word_1_19' title='bbox 620 1937 712 1996; x_wconf 90' lang='lat' dir='ltr'><strong>quum</strong></span> <span class='ocrx_word' id='word_1_20' title='bbox 731 1917 812 1996; x_wconf 88' lang='lat' dir='ltr'><strong>apud</strong></span> <span class='ocrx_word' id='word_1_21' title='bbox 829 1919 925 1977; x_wconf 90' lang='lat' dir='ltr'><strong>lenam</strong></span> <span class='ocrx_word' id='word_1_22' title='bbox 942 1918 1050 1995; x_wconf 73' lang='lat' dir='ltr'><strong>puellm</strong></span> <span class='ocrx_word' id='word_1_23' title='bbox 1070 1923 1192 1976; x_wconf 88' lang='lat' dir='ltr'><strong>matrem</strong></span> 
     </span>
     <span class='ocr_line' id='line_1_4' title="bbox 105 2020 1194 2102; baseline -0.003 -21"><span class='ocrx_word' id='word_1_24' title='bbox 105 2041 131 2081; x_wconf 85' lang='lat' dir='ltr'><strong>se</strong></span> <span class='ocrx_word' id='word_1_25' title='bbox 149 2025 336 2095; x_wconf 72' lang='lat' dir='ltr'><strong>insinuasset,</strong></span> <span class='ocrx_word' id='word_1_26' title='bbox 364 2041 419 2102; x_wconf 89' lang='lat' dir='ltr'><strong>per</strong></span> <span class='ocrx_word' id='word_1_27' title='bbox 446 2021 582 2082; x_wconf 82' lang='lat' dir='ltr'><strong>fraudem</strong></span> <span class='ocrx_word' id='word_1_28' title='bbox 610 2027 642 2080; x_wconf 90' lang='lat' dir='ltr'><strong>et</strong></span> <span class='ocrx_word' id='word_1_29' title='bbox 669 2023 728 2080; x_wconf 87' lang='lat' dir='ltr'><strong>rim</strong></span> <span class='ocrx_word' id='word_1_30' title='bbox 751 2020 1001 2080; x_wconf 89' lang='lat' dir='ltr'><strong>Philocomasium</strong></span> <span class='ocrx_word' id='word_1_31' title='bbox 1029 2022 1061 2080; x_wconf 89' lang='lat' dir='ltr'><strong>in</strong></span> <span class='ocrx_word' id='word_1_32' title='bbox 1089 2039 1194 2080; x_wconf 88' lang='lat' dir='ltr'><strong>navem</strong></span> 
     </span>
     <span class='ocr_line' id='line_1_5' title="bbox 104 2122 1192 2204; baseline -0.002 -20"><span class='ocrx_word' id='word_1_33' title='bbox 104 2127 215 2184; x_wconf 88' lang='lat' dir='ltr'><strong>coniecit</strong></span> <span class='ocrx_word' id='word_1_34' title='bbox 231 2131 262 2184; x_wconf 90' lang='lat' dir='ltr'><strong>et</strong></span> <span class='ocrx_word' id='word_1_35' title='bbox 272 2123 423 2204; x_wconf 87' lang='lat' dir='ltr'><strong>Ephesum</strong></span> <span class='ocrx_word' id='word_1_36' title='bbox 442 2143 540 2183; x_wconf 89' lang='lat' dir='ltr'><strong>secum</strong></span> <span class='ocrx_word' id='word_1_37' title='bbox 559 2123 693 2182; x_wconf 86' lang='lat' dir='ltr'><strong>abduxit.</strong></span> <span class='ocrx_word' id='word_1_38' title='bbox 722 2123 888 2198; x_wconf 69' lang='lat' dir='ltr'><strong>Palaestrio,</strong></span> <span class='ocrx_word' id='word_1_39' title='bbox 907 2122 1061 2183; x_wconf 88' lang='lat' dir='ltr'><strong>Pleusiclis</strong></span> <span class='ocrx_word' id='word_1_40' title='bbox 1080 2143 1192 2196; x_wconf 79' lang='lat' dir='ltr'><strong>servus,</strong></span> 
     </span>
     <span class='ocr_line' id='line_1_6' title="bbox 103 2225 1194 2305; baseline -0.001 -20"><span class='ocrx_word' id='word_1_41' title='bbox 103 2233 132 2285; x_wconf 91' lang='lat' dir='ltr'><strong>ut</strong></span> <span class='ocrx_word' id='word_1_42' title='bbox 156 2228 208 2288; x_wconf 91' lang='lat' dir='ltr'><strong>hoo</strong></span> <span class='ocrx_word' id='word_1_43' title='bbox 242 2228 316 2286; x_wconf 90' lang='lat' dir='ltr'><strong>hero</strong></span> <span class='ocrx_word' id='word_1_44' title='bbox 350 2228 518 2299; x_wconf 88' lang='lat' dir='ltr'><strong>nuntiaret,</strong></span> <span class='ocrx_word' id='word_1_45' title='bbox 553 2227 707 2305; x_wconf 87' lang='lat' dir='ltr'><strong>profectus</strong></span> <span class='ocrx_word' id='word_1_46' title='bbox 740 2246 758 2285; x_wconf 91' lang='lat' dir='ltr'><strong>a</strong></span> <span class='ocrx_word' id='word_1_47' title='bbox 786 2229 893 2305; x_wconf 90' lang='lat' dir='ltr'><strong>piratis</strong></span> <span class='ocrx_word' id='word_1_48' title='bbox 921 2231 1026 2304; x_wconf 87' lang='lat' dir='ltr'><strong>captus</strong></span> <span class='ocrx_word' id='word_1_49' title='bbox 1055 2231 1109 2284; x_wconf 85' lang='lat' dir='ltr'><strong>est.</strong></span> <span class='ocrx_word' id='word_1_50' title='bbox 1155 2225 1194 2284; x_wconf 81' lang='lat' dir='ltr'><strong>lli</strong></span> 
     </span>
     <span class='ocr_line' id='line_1_7' title="bbox 20 2329 1193 2408; baseline -0.003 -19"><span class='ocrx_word' id='word_1_51' title='bbox 20 2357 21 2362; x_wconf 44' lang='lat'>¹</span> <span class='ocrx_word' id='word_1_52' title='bbox 101 2329 313 2408; x_wconf 79' lang='lat' dir='ltr'><strong>Pyrgopolinici</strong></span> <span class='ocrx_word' id='word_1_53' title='bbox 336 2350 403 2388; x_wconf 87' lang='lat' dir='ltr'><strong>eum</strong></span> <span class='ocrx_word' id='word_1_54' title='bbox 426 2331 505 2390; x_wconf 91' lang='lat' dir='ltr'><strong>dono</strong></span> <span class='ocrx_word' id='word_1_55' title='bbox 523 2329 678 2404; x_wconf 89' lang='lat' dir='ltr'><strong>dederunt,</strong></span> <span class='ocrx_word' id='word_1_56' title='bbox 701 2331 732 2388; x_wconf 92' lang='lat' dir='ltr'><strong>in</strong></span> <span class='ocrx_word' id='word_1_57' title='bbox 755 2331 839 2389; x_wconf 88' lang='lat' dir='ltr'><strong>cuius</strong></span> <span class='ocrx_word' id='word_1_58' title='bbox 862 2329 975 2388; x_wconf 81' lang='lat' dir='ltr'><strong>adibus</strong></span> <span class='ocrx_word' id='word_1_59' title='bbox 998 2347 1087 2406; x_wconf 82' lang='lat' dir='ltr'><strong>quum</strong></span> <span class='ocrx_word' id='word_1_60' title='bbox 1110 2331 1193 2406; x_wconf 88' lang='lat' dir='ltr'><strong>puel·</strong></span> 
     </span>
     <span class='ocr_line' id='line_1_8' title="bbox 20 2413 1194 2510; baseline 0.001 -21"><span class='ocrx_word' id='word_1_61' title='bbox 20 2413 22 2482; x_wconf 58' lang='lat'>[</span> <span class='ocrx_word' id='word_1_62' title='bbox 101 2432 152 2492; x_wconf 88' lang='lat' dir='ltr'><strong>lam</strong></span> <span class='ocrx_word' id='word_1_63' title='bbox 174 2434 334 2493; x_wconf 80' lang='lat' dir='ltr'><strong>invenisset</strong></span> <span class='ocrx_word' id='word_1_64' title='bbox 357 2451 480 2510; x_wconf 86' lang='lat' dir='ltr'><strong>eamque</strong></span> <span class='ocrx_word' id='word_1_65' title='bbox 499 2433 693 2509; x_wconf 87' lang='lat' dir='ltr'><strong>comperisset</strong></span> <span class='ocrx_word' id='word_1_66' title='bbox 714 2431 788 2490; x_wconf 90' lang='lat' dir='ltr'><strong>nihil</strong></span> <span class='ocrx_word' id='word_1_67' title='bbox 811 2433 906 2506; x_wconf 75' lang='lat' dir='ltr'><strong>magis</strong></span> <span class='ocrx_word' id='word_1_68' title='bbox 923 2451 1031 2509; x_wconf 87' lang='lat' dir='ltr'><strong>cupere</strong></span> <span class='ocrx_word' id='word_1_69' title='bbox 1049 2451 1136 2510; x_wconf 89' lang='lat' dir='ltr'><strong>quam</strong></span> <span class='ocrx_word' id='word_1_70' title='bbox 1159 2437 1194 2491; x_wconf 90' lang='lat' dir='ltr'><strong>ut</strong></span> 
     </span>
     <span class='ocr_line' id='line_1_9' title="bbox 20 2507 1196 2613; baseline 0.001 -20"><span class='ocrx_word' id='word_1_71' title='bbox 20 2507 22 2532; x_wconf 44' lang='lat' dir='ltr'><strong>l</strong></span> <span class='ocrx_word' id='word_1_72' title='bbox 101 2535 221 2594; x_wconf 78' lang='lat' dir='ltr'><strong>Athenas</strong></span> <span class='ocrx_word' id='word_1_73' title='bbox 255 2537 294 2595; x_wconf 93' lang='lat' dir='ltr'><strong>ad</strong></span> <span class='ocrx_word' id='word_1_74' title='bbox 331 2536 462 2613; x_wconf 89' lang='lat' dir='ltr'><strong>priorem</strong></span> <span class='ocrx_word' id='word_1_75' title='bbox 502 2541 663 2594; x_wconf 86' lang='lat' dir='ltr'><strong>amatorem</strong></span> <span class='ocrx_word' id='word_1_76' title='bbox 696 2539 908 2606; x_wconf 84' lang='lat' dir='ltr'><strong>reverteretur,</strong></span> <span class='ocrx_word' id='word_1_77' title='bbox 949 2535 1074 2612; x_wconf 90' lang='lat' dir='ltr'><strong>epistola</strong></span> <span class='ocrx_word' id='word_1_78' title='bbox 1106 2537 1196 2594; x_wconf 89' lang='lat' dir='ltr'><strong>missa</strong></span> 
     </span>
     <span class='ocr_line' id='line_1_10' title="bbox 100 2635 1193 2714; baseline 0.002 -20"><span class='ocrx_word' id='word_1_79' title='bbox 100 2636 192 2697; x_wconf 91' lang='lat' dir='ltr'><strong>horum</strong></span> <span class='ocrx_word' id='word_1_80' title='bbox 214 2637 366 2714; x_wconf 81' lang='lat' dir='ltr'><strong>Ephesum</strong></span> <span class='ocrx_word' id='word_1_81' title='bbox 396 2639 559 2696; x_wconf 84' lang='lat' dir='ltr'><strong>arcessivit.</strong></span> <span class='ocrx_word' id='word_1_82' title='bbox 604 2635 634 2695; x_wconf 92' lang='lat' dir='ltr'><strong>Is</strong></span> <span class='ocrx_word' id='word_1_83' title='bbox 665 2637 703 2695; x_wconf 92' lang='lat' dir='ltr'><strong>ad</strong></span> <span class='ocrx_word' id='word_1_84' title='bbox 732 2636 1009 2714; x_wconf 88' lang='lat' dir='ltr'><strong>Peripleoomenum</strong></span> <span class='ocrx_word' id='word_1_85' title='bbox 1037 2642 1193 2714; x_wconf 89' lang='lat' dir='ltr'><strong>paternum</strong></span> 
     </span>
     <span class='ocr_line' id='line_1_11' title="bbox 101 2738 1195 2818; baseline 0.002 -21"><span class='ocrx_word' id='word_1_86' title='bbox 101 2738 237 2818; x_wconf 79' lang='lat' dir='ltr'><strong>hospitam</strong></span> <span class='ocrx_word' id='word_1_87' title='bbox 266 2741 442 2813; x_wconf 81' lang='lat' dir='ltr'><strong>devertitur,</strong></span> <span class='ocrx_word' id='word_1_88' title='bbox 477 2741 560 2799; x_wconf 92' lang='lat' dir='ltr'><strong>cuius</strong></span> <span class='ocrx_word' id='word_1_89' title='bbox 588 2739 666 2799; x_wconf 79' lang='lat' dir='ltr'><strong>ades</strong></span> <span class='ocrx_word' id='word_1_90' title='bbox 694 2741 798 2799; x_wconf 77' lang='lat' dir='ltr'><strong>vicium</strong></span> <span class='ocrx_word' id='word_1_91' title='bbox 826 2747 916 2817; x_wconf 90' lang='lat' dir='ltr'><strong>atque</strong></span> <span class='ocrx_word' id='word_1_92' title='bbox 944 2739 1019 2799; x_wconf 83' lang='lat' dir='ltr'><strong>odeo</strong></span> <span class='ocrx_word' id='word_1_93' title='bbox 1049 2743 1195 2815; x_wconf 76' lang='lat' dir='ltr'><strong>contigere</strong></span> 
     </span>
     <span class='ocr_line' id='line_1_12' title="bbox 101 2842 1200 2920; baseline 0.003 -21"><span class='ocrx_word' id='word_1_94' title='bbox 101 2843 193 2901; x_wconf 90' lang='lat' dir='ltr'><strong>militis</strong></span> <span class='ocrx_word' id='word_1_95' title='bbox 211 2843 326 2902; x_wconf 80' lang='lat' dir='ltr'><strong>aedibus</strong></span> <span class='ocrx_word' id='word_1_96' title='bbox 343 2848 438 2901; x_wconf 86' lang='lat' dir='ltr'><strong>erant.</strong></span> <span class='ocrx_word' id='word_1_97' title='bbox 473 2842 630 2902; x_wconf 75' lang='lat' dir='ltr'><strong>Palaestrio</strong></span> <span class='ocrx_word' id='word_1_98' title='bbox 648 2843 797 2902; x_wconf 88' lang='lat' dir='ltr'><strong>communi</strong></span> <span class='ocrx_word' id='word_1_99' title='bbox 813 2843 928 2918; x_wconf 87' lang='lat' dir='ltr'><strong>pariete</strong></span> <span class='ocrx_word' id='word_1_100' title='bbox 945 2843 1080 2920; x_wconf 87' lang='lat' dir='ltr'><strong>perfosso</strong></span> <span class='ocrx_word' id='word_1_101' title='bbox 1092 2863 1200 2902; x_wconf 72' lang='lat' dir='ltr'><strong>aman·</strong></span> 
     </span>
     <span class='ocr_line' id='line_1_13' title="bbox 101 2943 1196 3023; baseline 0.002 -21"><span class='ocrx_word' id='word_1_102' title='bbox 101 2944 171 3004; x_wconf 90' lang='lat' dir='ltr'><strong>tihus</strong></span> <span class='ocrx_word' id='word_1_103' title='bbox 193 2947 388 3005; x_wconf 80' lang='lat' dir='ltr'><strong>conveniendi</strong></span> <span class='ocrx_word' id='word_1_104' title='bbox 411 2948 527 3023; x_wconf 90' lang='lat' dir='ltr'><strong>copiam</strong></span> <span class='ocrx_word' id='word_1_105' title='bbox 550 2945 635 3017; x_wconf 81' lang='lat' dir='ltr'><strong>iacit3</strong></span> <span class='ocrx_word' id='word_1_106' title='bbox 660 2965 736 3022; x_wconf 91' lang='lat' dir='ltr'><strong>quos</strong></span> <span class='ocrx_word' id='word_1_107' title='bbox 759 2943 812 3002; x_wconf 92' lang='lat' dir='ltr'><strong>ubi</strong></span> <span class='ocrx_word' id='word_1_108' title='bbox 834 2944 1002 3004; x_wconf 78' lang='lat' dir='ltr'><strong>osculantes</strong></span> <span class='ocrx_word' id='word_1_109' title='bbox 1020 2945 1096 3006; x_wconf 83' lang='lat' dir='ltr'><strong>vidit</strong></span> <span class='ocrx_word' id='word_1_110' title='bbox 1119 2947 1196 3004; x_wconf 86' lang='lat' dir='ltr'><strong>alter</strong></span> 
     </span>
     <span class='ocr_line' id='line_1_14' title="bbox 101 3047 1195 3122; baseline 0.003 -17"><span class='ocrx_word' id='word_1_111' title='bbox 101 3047 194 3108; x_wconf 89' lang='lat' dir='ltr'><strong>militis</strong></span> <span class='ocrx_word' id='word_1_112' title='bbox 220 3069 340 3119; x_wconf 86' lang='lat' dir='ltr'><strong>servus,</strong></span> <span class='ocrx_word' id='word_1_113' title='bbox 375 3067 413 3106; x_wconf 91' lang='lat' dir='ltr'><strong>ne</strong></span> <span class='ocrx_word' id='word_1_114' title='bbox 445 3047 501 3106; x_wconf 89' lang='lat' dir='ltr'><strong>hoc</strong></span> <span class='ocrx_word' id='word_1_115' title='bbox 529 3048 649 3107; x_wconf 90' lang='lat' dir='ltr'><strong>domino</strong></span> <span class='ocrx_word' id='word_1_116' title='bbox 677 3051 805 3122; x_wconf 90' lang='lat' dir='ltr'><strong>nuntiet,</strong></span> <span class='ocrx_word' id='word_1_117' title='bbox 841 3047 957 3106; x_wconf 78' lang='lat' dir='ltr'><strong>festivis</strong></span> <span class='ocrx_word' id='word_1_118' title='bbox 986 3047 1062 3106; x_wconf 88' lang='lat' dir='ltr'><strong>dolis</strong></span> <span class='ocrx_word' id='word_1_119' title='bbox 1095 3047 1195 3108; x_wconf 83' lang='lat' dir='ltr'><strong>elficit.</strong></span> 
     </span>
     <span class='ocr_line' id='line_1_15' title="bbox 102 3147 1197 3226; baseline 0.005 -19"><span class='ocrx_word' id='word_1_120' title='bbox 102 3147 166 3208; x_wconf 90' lang='lat' dir='ltr'><strong>Nam</strong></span> <span class='ocrx_word' id='word_1_121' title='bbox 187 3153 335 3226; x_wconf 80' lang='lat' dir='ltr'><strong>geminam</strong></span> <span class='ocrx_word' id='word_1_122' title='bbox 358 3149 565 3210; x_wconf 88' lang='lat' dir='ltr'><strong>Philocomasii</strong></span> <span class='ocrx_word' id='word_1_123' title='bbox 587 3169 718 3209; x_wconf 89' lang='lat' dir='ltr'><strong>sororem</strong></span> <span class='ocrx_word' id='word_1_124' title='bbox 741 3149 895 3226; x_wconf 80' lang='lat' dir='ltr'><strong>Ephesum</strong></span> <span class='ocrx_word' id='word_1_125' title='bbox 925 3151 1079 3210; x_wconf 85' lang='lat' dir='ltr'><strong>advenisse</strong></span> <span class='ocrx_word' id='word_1_126' title='bbox 1106 3153 1197 3212; x_wconf 89' lang='lat' dir='ltr'><strong>simu·</strong></span> 
     </span>
     <span class='ocr_line' id='line_1_16' title="bbox 101 3250 1197 3332; baseline 0.004 -24"><span class='ocrx_word' id='word_1_127' title='bbox 101 3250 156 3311; x_wconf 83' lang='lat' dir='ltr'><strong>lens</strong></span> <span class='ocrx_word' id='word_1_128' title='bbox 176 3253 367 3332; x_wconf 87' lang='lat' dir='ltr'><strong>puellamque</strong></span> <span class='ocrx_word' id='word_1_129' title='bbox 388 3272 443 3330; x_wconf 91' lang='lat' dir='ltr'><strong>per</strong></span> <span class='ocrx_word' id='word_1_130' title='bbox 464 3253 609 3330; x_wconf 88' lang='lat' dir='ltr'><strong>parietem</strong></span> <span class='ocrx_word' id='word_1_131' title='bbox 631 3259 835 3312; x_wconf 85' lang='lat' dir='ltr'><strong>transeuntem</strong></span> <span class='ocrx_word' id='word_1_132' title='bbox 858 3253 947 3313; x_wconf 92' lang='lat' dir='ltr'><strong>modo</strong></span> <span class='ocrx_word' id='word_1_133' title='bbox 964 3253 1013 3313; x_wconf 90' lang='lat' dir='ltr'><strong>hio</strong></span> <span class='ocrx_word' id='word_1_134' title='bbox 1030 3254 1118 3313; x_wconf 90' lang='lat' dir='ltr'><strong>modo</strong></span> <span class='ocrx_word' id='word_1_135' title='bbox 1136 3253 1197 3313; x_wconf 92' lang='lat' dir='ltr'><strong>illic</strong></span> 
     </span>
     <span class='ocr_line' id='line_1_17' title="bbox 102 3353 1197 3433; baseline 0.001 -20"><span class='ocrx_word' id='word_1_136' title='bbox 102 3355 249 3414; x_wconf 85' lang='lat' dir='ltr'><strong>ostendens</strong></span> <span class='ocrx_word' id='word_1_137' title='bbox 279 3365 454 3416; x_wconf 70' lang='lat' dir='ltr'><strong>conservum</strong></span> <span class='ocrx_word' id='word_1_138' title='bbox 479 3375 514 3414; x_wconf 92' lang='lat' dir='ltr'><strong>eo</strong></span> <span class='ocrx_word' id='word_1_139' title='bbox 536 3353 684 3433; x_wconf 79' lang='lat' dir='ltr'><strong>perducit,</strong></span> <span class='ocrx_word' id='word_1_140' title='bbox 713 3359 748 3413; x_wconf 89' lang='lat' dir='ltr'><strong>ut</strong></span> <span class='ocrx_word' id='word_1_141' title='bbox 775 3375 835 3416; x_wconf 90' lang='lat' dir='ltr'><strong>nou</strong></span> <span class='ocrx_word' id='word_1_142' title='bbox 864 3375 955 3414; x_wconf 90' lang='lat' dir='ltr'><strong>unam</strong></span> <span class='ocrx_word' id='word_1_143' title='bbox 983 3357 1036 3416; x_wconf 92' lang='lat' dir='ltr'><strong>sed</strong></span> <span class='ocrx_word' id='word_1_144' title='bbox 1065 3355 1139 3415; x_wconf 86' lang='lat' dir='ltr'><strong>duas</strong></span> <span class='ocrx_word' id='word_1_145' title='bbox 1166 3375 1197 3415; x_wconf 88' lang='lat' dir='ltr'><strong>se</strong></span> 
     </span>
     <span class='ocr_line' id='line_1_18' title="bbox 103 3457 1198 3535; baseline 0.005 -23"><span class='ocrx_word' id='word_1_146' title='bbox 103 3457 201 3517; x_wconf 74' lang='lat' dir='ltr'><strong>vidisse</strong></span> <span class='ocrx_word' id='word_1_147' title='bbox 224 3458 339 3518; x_wconf 84' lang='lat' dir='ltr'><strong>credat.</strong></span> <span class='ocrx_word' id='word_1_148' title='bbox 384 3457 443 3517; x_wconf 86' lang='lat' dir='ltr'><strong>Sed</strong></span> <span class='ocrx_word' id='word_1_149' title='bbox 469 3463 505 3516; x_wconf 90' lang='lat' dir='ltr'><strong>ut</strong></span> <span class='ocrx_word' id='word_1_150' title='bbox 531 3458 616 3517; x_wconf 89' lang='lat' dir='ltr'><strong>miles</strong></span> <span class='ocrx_word' id='word_1_151' title='bbox 644 3457 775 3535; x_wconf 89' lang='lat' dir='ltr'><strong>puellam</strong></span> <span class='ocrx_word' id='word_1_152' title='bbox 810 3479 828 3516; x_wconf 90' lang='lat' dir='ltr'><strong>a</strong></span> <span class='ocrx_word' id='word_1_153' title='bbox 855 3477 887 3518; x_wconf 90' lang='lat' dir='ltr'><strong>se</strong></span> <span class='ocrx_word' id='word_1_154' title='bbox 915 3457 1058 3534; x_wconf 90' lang='lat' dir='ltr'><strong>dimittat,</strong></span> <span class='ocrx_word' id='word_1_155' title='bbox 1093 3459 1198 3518; x_wconf 86' lang='lat' dir='ltr'><strong>fraude</strong></span> 
     </span>
     <span class='ocr_line' id='line_1_19' title="bbox 104 3558 1198 3637; baseline 0.007 -23"><span class='ocrx_word' id='word_1_156' title='bbox 104 3558 220 3618; x_wconf 89' lang='lat' dir='ltr'><strong>efficitur</strong></span> <span class='ocrx_word' id='word_1_157' title='bbox 252 3559 292 3618; x_wconf 92' lang='lat' dir='ltr'><strong>ad</strong></span> <span class='ocrx_word' id='word_1_158' title='bbox 319 3561 473 3637; x_wconf 81' lang='lat' dir='ltr'><strong>ingenium</strong></span> <span class='ocrx_word' id='word_1_159' title='bbox 500 3562 564 3620; x_wconf 85' lang='lat' dir='ltr'><strong>eius</strong></span> <span class='ocrx_word' id='word_1_160' title='bbox 594 3561 759 3637; x_wconf 90' lang='lat' dir='ltr'><strong>aptissima.</strong></span> <span class='ocrx_word' id='word_1_161' title='bbox 804 3559 880 3620; x_wconf 85' lang='lat' dir='ltr'><strong>Erat</strong></span> <span class='ocrx_word' id='word_1_162' title='bbox 913 3563 989 3620; x_wconf 90' lang='lat' dir='ltr'><strong>enim</strong></span> <span class='ocrx_word' id='word_1_163' title='bbox 1019 3582 1113 3622; x_wconf 81' lang='lat' dir='ltr'><strong>vanus</strong></span> <span class='ocrx_word' id='word_1_164' title='bbox 1147 3563 1198 3622; x_wconf 89' lang='lat' dir='ltr'><strong>illo</strong></span> 
     </span>
     <span class='ocr_line' id='line_1_20' title="bbox 103 3653 1198 3743; baseline 0.006 -26"><span class='ocrx_word' id='word_1_165' title='bbox 103 3658 179 3722; x_wconf 90' lang='lat' dir='ltr'><strong>homo</strong></span> <span class='ocrx_word' id='word_1_166' title='bbox 202 3662 322 3722; x_wconf 89' lang='lat' dir='ltr'><strong>adulter</strong></span> <span class='ocrx_word' id='word_1_167' title='bbox 349 3663 527 3722; x_wconf 83' lang='lat' dir='ltr'><strong>loedissimus</strong></span> <span class='ocrx_word' id='word_1_168' title='bbox 556 3682 717 3740; x_wconf 84' lang='lat' dir='ltr'><strong>omnesque</strong></span> <span class='ocrx_word' id='word_1_169' title='bbox 739 3653 879 3722; x_wconf 87' lang='lat' dir='ltr'><strong>mulieres</strong></span> <span class='ocrx_word' id='word_1_170' title='bbox 907 3666 953 3723; x_wconf 90' lang='lat' dir='ltr'><strong>sui</strong></span> <span class='ocrx_word' id='word_1_171' title='bbox 982 3664 1105 3743; x_wconf 90' lang='lat' dir='ltr'><strong>cupidas</strong></span> <span class='ocrx_word' id='word_1_172' title='bbox 1134 3685 1198 3724; x_wconf 86' lang='lat' dir='ltr'><strong>esee</strong></span> 
     </span>
     <span class='ocr_line' id='line_1_21' title="bbox 103 3764 1198 3842; baseline 0.005 -21"><span class='ocrx_word' id='word_1_173' title='bbox 103 3764 226 3837; x_wconf 72' lang='lat' dir='ltr'><strong>putabet.</strong></span> <span class='ocrx_word' id='word_1_174' title='bbox 261 3766 369 3841; x_wconf 87' lang='lat' dir='ltr'><strong>Itaque</strong></span> <span class='ocrx_word' id='word_1_175' title='bbox 391 3785 457 3824; x_wconf 91' lang='lat' dir='ltr'><strong>cum</strong></span> <span class='ocrx_word' id='word_1_176' title='bbox 474 3765 718 3842; x_wconf 89' lang='lat' dir='ltr'><strong>Peripleoomono</strong></span> <span class='ocrx_word' id='word_1_177' title='bbox 741 3766 898 3825; x_wconf 88' lang='lat' dir='ltr'><strong>consilium</strong></span> <span class='ocrx_word' id='word_1_178' title='bbox 920 3768 1022 3840; x_wconf 91' lang='lat' dir='ltr'><strong>initur,</strong></span> <span class='ocrx_word' id='word_1_179' title='bbox 1046 3773 1081 3826; x_wconf 89' lang='lat' dir='ltr'><strong>ut</strong></span> <span class='ocrx_word' id='word_1_180' title='bbox 1103 3787 1198 3826; x_wconf 86' lang='lat' dir='ltr'><strong>mere·</strong></span> 
     </span>
     <span class='ocr_line' id='line_1_22' title="bbox 105 3865 1199 3945; baseline 0.006 -25"><span class='ocrx_word' id='word_1_181' title='bbox 105 3865 196 3926; x_wconf 86' lang='lat' dir='ltr'><strong>tricem</strong></span> <span class='ocrx_word' id='word_1_182' title='bbox 219 3867 367 3945; x_wconf 84' lang='lat' dir='ltr'><strong>quendam</strong></span> <span class='ocrx_word' id='word_1_183' title='bbox 395 3887 520 3928; x_wconf 84' lang='lat' dir='ltr'><strong>uxorem</strong></span> <span class='ocrx_word' id='word_1_184' title='bbox 549 3887 633 3928; x_wconf 90' lang='lat' dir='ltr'><strong>suam</strong></span> <span class='ocrx_word' id='word_1_185' title='bbox 657 3887 723 3927; x_wconf 88' lang='lat' dir='ltr'><strong>esso</strong></span> <span class='ocrx_word' id='word_1_186' title='bbox 746 3869 875 3944; x_wconf 89' lang='lat' dir='ltr'><strong>simulet,</strong></span> <span class='ocrx_word' id='word_1_187' title='bbox 906 3889 941 3928; x_wconf 92' lang='lat' dir='ltr'><strong>ea</strong></span> <span class='ocrx_word' id='word_1_188' title='bbox 969 3875 1067 3929; x_wconf 91' lang='lat' dir='ltr'><strong>autem</strong></span> <span class='ocrx_word' id='word_1_189' title='bbox 1096 3869 1199 3928; x_wconf 89' lang='lat' dir='ltr'><strong>militis</strong></span> 
     </span>
     <span class='ocr_line' id='line_1_23' title="bbox 107 3971 1199 4048; baseline 0.009 -26"><span class='ocrx_word' id='word_1_190' title='bbox 107 3985 192 4026; x_wconf 82' lang='lat' dir='ltr'><strong>amore</strong></span> <span class='ocrx_word' id='word_1_191' title='bbox 213 3990 244 4028; x_wconf 89' lang='lat' dir='ltr'><strong>se</strong></span> <span class='ocrx_word' id='word_1_192' title='bbox 265 3972 367 4048; x_wconf 87' lang='lat' dir='ltr'><strong>perire</strong></span> <span class='ocrx_word' id='word_1_193' title='bbox 389 3971 531 4030; x_wconf 85' lang='lat' dir='ltr'><strong>simulans</strong></span> <span class='ocrx_word' id='word_1_194' title='bbox 547 3971 636 4030; x_wconf 89' lang='lat' dir='ltr'><strong>anulo</strong></span> <span class='ocrx_word' id='word_1_195' title='bbox 655 3971 745 4030; x_wconf 93' lang='lat' dir='ltr'><strong>misso</strong></span> <span class='ocrx_word' id='word_1_196' title='bbox 761 3991 827 4030; x_wconf 90' lang='lat' dir='ltr'><strong>sum</strong></span> <span class='ocrx_word' id='word_1_197' title='bbox 847 3971 885 4032; x_wconf 92' lang='lat' dir='ltr'><strong>ad</strong></span> <span class='ocrx_word' id='word_1_198' title='bbox 902 3993 933 4032; x_wconf 84' lang='lat' dir='ltr'><strong>se</strong></span> <span class='ocrx_word' id='word_1_199' title='bbox 950 3974 1066 4032; x_wconf 83' lang='lat' dir='ltr'><strong>invitet.</strong></span> <span class='ocrx_word' id='word_1_200' title='bbox 1102 3972 1199 4032; x_wconf 88' lang='lat' dir='ltr'><strong>Homo</strong></span> 
     </span>
     <span class='ocr_line' id='line_1_24' title="bbox 107 4072 1199 4150; baseline 0.005 -21"><span class='ocrx_word' id='word_1_201' title='bbox 107 4072 282 4146; x_wconf 81' lang='lat' dir='ltr'><strong>turpissimus</strong></span> <span class='ocrx_word' id='word_1_202' title='bbox 303 4075 358 4132; x_wconf 86' lang='lat' dir='ltr'><strong>tali</strong></span> <span class='ocrx_word' id='word_1_203' title='bbox 379 4073 552 4134; x_wconf 86' lang='lat' dir='ltr'><strong>adulatione</strong></span> <span class='ocrx_word' id='word_1_204' title='bbox 569 4073 657 4132; x_wconf 84' lang='lat' dir='ltr'><strong>facile</strong></span> <span class='ocrx_word' id='word_1_205' title='bbox 679 4078 794 4150; x_wconf 89' lang='lat' dir='ltr'><strong>captus,</strong></span> <span class='ocrx_word' id='word_1_206' title='bbox 817 4079 852 4134; x_wconf 95' lang='lat' dir='ltr'><strong>ut</strong></span> <span class='ocrx_word' id='word_1_207' title='bbox 868 4095 946 4134; x_wconf 86' lang='lat' dir='ltr'><strong>novo</strong></span> <span class='ocrx_word' id='word_1_208' title='bbox 964 4077 1057 4134; x_wconf 89' lang='lat' dir='ltr'><strong>amori</strong></span> <span class='ocrx_word' id='word_1_209' title='bbox 1073 4093 1199 4134; x_wconf 85' lang='lat' dir='ltr'><strong>vacuum</strong></span> 
     </span>
     <span class='ocr_line' id='line_1_25' title="bbox 109 4167 1200 4254; baseline 0.013 -30"><span class='ocrx_word' id='word_1_210' title='bbox 109 4167 193 4232; x_wconf 87' lang='lat' dir='ltr'><strong>locum</strong></span> <span class='ocrx_word' id='word_1_211' title='bbox 202 4174 301 4248; x_wconf 86' lang='lat' dir='ltr'><strong>faciat,</strong></span> <span class='ocrx_word' id='word_1_212' title='bbox 320 4175 568 4235; x_wconf 86' lang='lat' dir='ltr'><strong>Philocomasium</strong></span> <span class='ocrx_word' id='word_1_213' title='bbox 586 4181 693 4254; x_wconf 89' lang='lat' dir='ltr'><strong>sponte</strong></span> <span class='ocrx_word' id='word_1_214' title='bbox 706 4175 832 4235; x_wconf 87' lang='lat' dir='ltr'><strong>dimittit</strong></span> <span class='ocrx_word' id='word_1_215' title='bbox 844 4177 929 4237; x_wconf 90' lang='lat' dir='ltr'><strong>donia</strong></span> <span class='ocrx_word' id='word_1_216' title='bbox 947 4179 1069 4254; x_wconf 88' lang='lat' dir='ltr'><strong>insuper</strong></span> <span class='ocrx_word' id='word_1_217' title='bbox 1080 4177 1200 4253; x_wconf 87' lang='lat' dir='ltr'><strong>additis,</strong></span> 
     </span>
     <span class='ocr_line' id='line_1_26' title="bbox 111 4271 1200 4356; baseline 0.008 -25"><span class='ocrx_word' id='word_1_218' title='bbox 111 4271 164 4347; x_wconf 85' lang='lat' dir='ltr'><strong>ipse</strong></span> <span class='ocrx_word' id='word_1_219' title='bbox 183 4279 288 4337; x_wconf 86' lang='lat' dir='ltr'><strong>amoris</strong></span> <span class='ocrx_word' id='word_1_220' title='bbox 310 4277 446 4356; x_wconf 89' lang='lat' dir='ltr'><strong>potiendi</strong></span> <span class='ocrx_word' id='word_1_221' title='bbox 474 4298 563 4339; x_wconf 86' lang='lat' dir='ltr'><strong>causa</strong></span> <span class='ocrx_word' id='word_1_222' title='bbox 585 4281 676 4339; x_wconf 84' lang='lat' dir='ltr'><strong>vicini</strong></span> <span class='ocrx_word' id='word_1_223' title='bbox 699 4279 778 4337; x_wconf 81' lang='lat' dir='ltr'><strong>aedes</strong></span> <span class='ocrx_word' id='word_1_224' title='bbox 800 4279 902 4338; x_wconf 88' lang='lat' dir='ltr'><strong>intrat.</strong></span> <span class='ocrx_word' id='word_1_225' title='bbox 948 4279 1012 4352; x_wconf 83' lang='lat' dir='ltr'><strong>Quo</strong></span> <span class='ocrx_word' id='word_1_226' title='bbox 1035 4279 1114 4340; x_wconf 83' lang='lat' dir='ltr'><strong>facto</strong></span> <span class='ocrx_word' id='word_1_227' title='bbox 1137 4301 1200 4341; x_wconf 89' lang='lat' dir='ltr'><strong>cor·</strong></span> 
     </span>
     <span class='ocr_line' id='line_1_27' title="bbox 112 4373 1200 4460; baseline 0.012 -29"><span class='ocrx_word' id='word_1_228' title='bbox 112 4373 208 4450; x_wconf 89' lang='lat' dir='ltr'><strong>ripitnr</strong></span> <span class='ocrx_word' id='word_1_229' title='bbox 228 4384 257 4438; x_wconf 90' lang='lat' dir='ltr'><strong>et</strong></span> <span class='ocrx_word' id='word_1_230' title='bbox 279 4380 454 4440; x_wconf 83' lang='lat' dir='ltr'><strong>verberatur</strong></span> <span class='ocrx_word' id='word_1_231' title='bbox 477 4401 531 4440; x_wconf 90' lang='lat' dir='ltr'><strong>neo</strong></span> <span class='ocrx_word' id='word_1_232' title='bbox 553 4387 623 4440; x_wconf 91' lang='lat' dir='ltr'><strong>ante</strong></span> <span class='ocrx_word' id='word_1_233' title='bbox 646 4381 817 4457; x_wconf 87' lang='lat' dir='ltr'><strong>dimittitur,</strong></span> <span class='ocrx_word' id='word_1_234' title='bbox 842 4401 931 4460; x_wconf 91' lang='lat' dir='ltr'><strong>quam</strong></span> <span class='ocrx_word' id='word_1_235' title='bbox 954 4400 1071 4442; x_wconf 89' lang='lat' dir='ltr'><strong>summo</strong></span> <span class='ocrx_word' id='word_1_236' title='bbox 1093 4385 1200 4444; x_wconf 89' lang='lat' dir='ltr'><strong>timore</strong></span> 
     </span>
    </p>
   </div>
   <div class='ocr_carea' id='block_1_2' title="bbox 0 0 1505 5004">
    <p class='ocr_par' dir='ltr' id='par_1_2' title="bbox 0 0 1505 5004">
     <span class='ocr_line' id='line_1_28' title="bbox 0 0 1505 5004; baseline 0 0"><span class='ocrx_word' id='word_1_237' title='bbox 0 0 1505 5004; x_wconf 95' lang='lat' dir='ltr'><strong> </strong></span> 
     </span>
    </p>
   </div>
  </div>
 </body>
</html>
