2978 5004
527 503 531 512 '
560 497 592 554 V·
610 499 721 554 Η·
1129 503 1191 567 233

100 695 218 770 legebat,
242 695 325 753 cuius
348 694 414 753 loco
438 693 473 753 B.
496 689 663 769 ,interim“,
690 695 770 770 quod
787 694 875 754 Ribb.
898 696 1011 754 frustra
1033 695 1192 754 defendere

101 803 225 856 conatur.
237 827 281 838 -
294 801 343 857 74.
361 791 525 872 Latrones,
542 789 612 856 ibus
628 796 741 854 Nonius
758 817 788 874 p.
801 799 863 856 486
880 803 911 856 et
922 798 1056 857 Donatus
1076 799 1114 856 ad
1124 797 1191 856 Ter.

101 898 168 958 llnn.
194 903 222 976 3,
248 901 276 974 1,
299 901 350 960 42.
397 899 441 959 De
469 899 642 972 latronibus,
667 901 686 958 i.
710 919 734 956 e.
758 902 946 960 mercenariis
973 921 1001 959 v.
1025 901 1063 960 ad
1086 901 1192 960 Baccb.

103 1004 152 1076 253
175 1003 212 1062 de
233 1005 418 1081 pronominis
440 1003 537 1062 forma
558 1022 587 1062 v.
611 1003 648 1060 ad
672 1001 756 1062 Cura.
771 1005 841 1062 506.
876 1003 1018 1062 Bucheler
1031 1003 1189 1064 LatDecl.
1275 1083 1277 1088 Ι

101 1125 126 1180 p.
149 1107 197 1166 68.
232 1135 273 1146 --
307 1100 503 1165 dinumerem
525 1104 637 1165 Donet.
672 1133 709 1146 -
746 1107 795 1164 ⁷7.
820 1099 989 1183 Repicod.
1014 1107 1094 1166 Det
1123 1106 1190 1166 edd.

101 1209 236 1286 plerique.
259 1237 301 1248 -
326 1210 375 1268 78.
399 1203 469 1285 Ape
491 1223 598 1270 eamus
619 1209 689 1267 olim
713 1209 910 1268 emendatum.

178 1517 330 1578 Palaestrio
352 1537 455 1577 servum
479 1519 541 1576 exit
563 1519 730 1594 argumenti
753 1519 923 1597 explicandi
940 1539 1036 1578 cauae.
1070 1517 1191 1594 Prologi

101 1619 185 1693 igitur
206 1620 341 1696 partibus
369 1620 520 1695 iungitur3
548 1620 636 1680 huius
660 1627 774 1694 autam,
803 1627 838 1680 ut
859 1621 967 1681 Donati
996 1623 1093 1681 verbis
1122 1627 1191 1680 utar

101 1723 127 1778 in
153 1727 326 1796 argumento
348 1721 543 1796 Phormiouis,
574 1723 705 1784 officium
734 1731 804 1782 ante
833 1728 978 1784 actionem
1001 1725 1119 1802 quidem
1147 1725 1190 1783 rei

101 1843 208 1902 semper
231 1829 291 1899 est,
315 1845 416 1882 verum
440 1831 541 1884 tamen
563 1833 594 1885 et
615 1833 686 1904 post
703 1828 881 1905 principium
899 1827 1006 1886 fabulae
1029 1827 1190 1900 inducitur,

100 1933 130 1984 ut
154 1929 231 2003 apud
259 1927 399 1986 Plautum
427 1931 458 1987 in
486 1929 584 1987 Milite
611 1930 742 2005 glorioso
771 1936 801 1988 et
830 1929 909 2008 apud
939 1936 1055 1988 ceteros
1076 1947 1191 2005 magna

102 2033 279 2089 auctoritatis
302 2037 417 2089 veteres
439 2037 551 2109 poetas.
591 2031 665 2090 Ram
688 2035 914 2092 commemoravi
937 2032 1054 2107 Proleg.
1077 2051 1107 2109 p.
1123 2033 1191 2105 162,

102 2131 249 2210 Plautique
271 2134 398 2192 alterum
425 2135 513 2194 huius
542 2137 586 2194 rei
611 2137 776 2214 exemplum
801 2136 889 2194 attuli
912 2135 1125 2208 Cistellariam3
1154 2153 1191 2192 ex
1234 2121 1236 2124 ¹

101 2234 201 2296 Grecis
217 2241 326 2315 praeter
342 2237 526 2316 Iphigeniam
539 2239 731 2297 Aulidenaem
745 2240 832 2296 etiam
845 2238 1054 2315 Aristophanis
1065 2236 1191 2314 Equites

104 2338 200 2398 efferre
228 2345 399 2417 potueram,
433 2341 485 2400 ubi
513 2343 647 2400 narratio
677 2363 694 2399 a
722 2361 749 2400 v.
774 2343 814 2399 40
843 2343 956 2416 incipit.
1002 2340 1073 2398 Haec
1100 2342 1192 2416 igitur

103 2460 181 2500 scena
202 2445 271 2519 quin
294 2444 331 2503 ab
353 2445 441 2502 initio
459 2443 604 2502 Plautinae
625 2445 733 2502 iabulra
755 2463 827 2522 pars
849 2443 948 2516 fuerit,
973 2443 1110 2501 dubitare
1132 2461 1191 2500 non

103 2541 179 2616 licet3
201 2546 251 2604 aad
273 2548 304 2604 in
325 2548 473 2625 principio
497 2549 560 2606 eius
577 2567 638 2606 non
656 2567 797 2625 negamus
820 2548 917 2605 inesse
934 2565 1000 2623 qun
1019 2545 1190 2622 scrupulum

104 2645 241 2707 obiiciant.
285 2647 360 2707 Nam
384 2652 408 2707 si
430 2669 499 2708 vere
521 2650 666 2709 traditum
690 2655 734 2708 est
755 2649 855 2708 Plauti
877 2648 1059 2727 temporibus
1081 2653 1192 2725 prester

103 2754 241 2808 senatores
262 2751 409 2827 reliquum
428 2753 572 2830 populum
594 2757 721 2811 stantem
744 2751 831 2811 ludos
853 2757 1014 2830 spectasse,
1033 2771 1060 2810 v.
1073 2750 1189 2824 Proleg.

103 2869 127 2925 p.
142 2853 205 2926 163,
227 2873 330 2913 uersus
354 2857 478 2914 81-83
502 2859 565 2914 eine
588 2875 645 2914 non
668 2875 733 2914 eesc
756 2859 889 2931 apparat,
914 2855 959 2912 bis
982 2858 1079 2911 autem
1103 2871 1190 2930 prox·

103 2954 155 3012 ima
184 2975 274 3033 nsque
307 2955 346 3016 ad
379 2958 418 3015 87
453 2959 600 3018 artissime
634 2961 791 3016 coniuncta
825 2962 903 3017 aunt.
948 2956 1011 3016 Hos
1043 2958 1137 3033 igitur
1165 2957 1191 3015 si

104 3059 162 3133 quis
187 3062 265 3118 uncis
293 3059 436 3132 secludat,
470 3079 530 3118 non
559 3059 733 3138 improbem,
762 3061 836 3120 duos
865 3061 980 3138 primos
1007 3079 1109 3120 versus
1139 3079 1191 3117 cur

104 3158 234 3237 damnem,
257 3181 319 3222 non
340 3161 439 3236 video,
462 3183 516 3221 neo
538 3163 721 3237 histrionem,
751 3183 840 3241 quum
864 3183 917 3222 sua
939 3161 1072 3237 adderet,
1102 3161 1190 3219 Plau·

103 3262 188 3320 tinum
212 3265 391 3342 principium
420 3271 531 3326 temere
560 3265 702 3325 abiecisse
730 3267 829 3326 credo.
874 3265 1036 3324 Lorenzins
1066 3283 1191 3340 eumque

104 3371 208 3426 secutus
223 3369 342 3428 Brixins
365 3389 425 3428 non
447 3369 543 3429 solum
565 3389 611 3430 vv.
625 3371 752 3429 79-87
770 3389 787 3426 a
804 3367 911 3427 Plauto
935 3367 1116 3440 abindioant,
1140 3367 1192 3426 sed

104 3469 184 3526 ctiam
208 3473 332 3531 88-94
359 3473 451 3530 tertio
480 3473 597 3531 cuidam
631 3474 747 3531 auctori
776 3471 932 3546 tribuunt3
965 3469 1100 3548 equidem
1130 3491 1190 3530 non

104 3575 207 3631 tuntum
226 3576 337 3634 iudicio
358 3595 423 3634 meo
446 3573 571 3634 confido.

182 3676 226 3736 80.
248 3671 434 3754 heripoldus,
458 3679 494 3736 cf.
518 3677 609 3737 Mero.
625 3679 672 3736 15.
696 3677 775 3736 bien.
799 3677 848 3735 16.
871 3705 913 3716 -
937 3677 986 3735 81.
1011 3671 1190 3736 auscultare

106 3775 145 3833 ed.
168 3797 218 3854 pr,
243 3775 375 3856 „nullust
400 3776 563 3857 prouolat
589 3799 673 3838 error
701 3787 755 3852 eet,
784 3781 831 3838 cni
852 3779 964 3838 frustra
986 3779 1192 3856 patrocinetur

106 3877 136 3936 R.
157 3882 231 3956 prul.
249 3882 340 3942 Stich.
358 3903 388 3961 p.
401 3883 464 3941 XV.
489 3913 531 3923 -
555 3886 605 3944 83.
629 3884 665 3943 cl.
690 3883 767 3942 Rud.
794 3885 842 3942 31.
866 3911 908 3922 -
931 3883 980 3940 84.
1009 3875 1191 3942 Comoediai

107 3979 254 4060 Scioppius,
286 3985 323 4045 ci.
356 3988 427 4046 103.
451 4015 494 4028 -
516 4003 608 4064 ptam
635 4001 693 4045 atos
715 3985 797 4060 1>qu
826 3985 861 4044 R.
893 4003 958 4042 cum
985 3985 1053 4043 aliis
1085 4003 1190 4059 ,quam

109 4081 213 4145 modo“.
233 4119 274 4128 —
297 4091 345 4148 87,
370 4083 419 4163 Id,
442 4089 523 4168 quod
548 4089 650 4148 Graue
673 4089 781 4156 ἀλαζών
804 4089 922 4146 dicitur.
947 4115 989 4126 -
1012 4089 1062 4146 88.
1085 4081 1190 4160 Ephe·

109 4187 301 4266 cametltibb,
326 4193 463 4270 quoniam
485 4195 516 4250 iu
539 4191 624 4250 codd.
648 4197 694 4250 est
720 4195 828 4268 ,epest'l
851 4193 898 4262 8“,
925 4189 1022 4266 ,quod
1045 4209 1103 4249 non
1126 4209 1188 4247 ma-

111 4285 165 4361 gis“
188 4292 276 4370 inquit
301 4295 550 4368 ,oblitterandum
567 4313 656 4370 quam
673 4293 810 4370 Abydum
833 4293 1027 4372 Lampsacum
1050 4291 1189 4368 Cyzicum

111 4387 286 4466 Epidamnum
320 4397 535 4458 Orchomenum
569 4395 754 4476 Epidaurum
787 4395 941 4454 Coriutum
980 4395 1038 4454 alia
1072 4401 1188 4453 neutra.
