2954 5002
84 461 109 529 Ι,
132 466 164 526 9,
187 465 331 530 llis-ld
578 461 742 516 Pseudolus.

546 651 772 717 Pseudolus

694 759 844 843 Temperi
868 781 927 844 ego
949 761 1025 825 faxo
1049 762 1142 827 scies.

82 867 182 934 Nolo
204 869 256 934 bis
279 870 410 949 iterari3
436 876 488 934 sat
510 871 557 934 sio
579 867 696 951 longae
719 867 802 933 fiunt
823 868 964 934 fabulae.

550 1009 768 1075 Calidorus

83 1119 275 1204 Optumum
299 1129 399 1204 atque
423 1121 663 1202 aequissumum
688 1139 773 1184 oras.

544 1261 776 1326 Pseudolus

583 1369 735 1454 Propera,
759 1369 866 1434 adduc
888 1369 1050 1434 hominem
1074 1371 1148 1434 silo.
1169 1387 1220 1440 890

538 1511 771 1596 [Calidorus

83 1621 196 1686 Pauci
220 1643 259 1686 ex
282 1621 394 1687 mullis
418 1632 494 1686 suut
517 1622 622 1698 amici,
645 1620 768 1684 homiui
792 1621 847 1703 qui
870 1621 951 1684 serti
975 1622 1067 1685 sieut.

543 1763 770 1827 Pseudolus

85 1870 163 1950 Ego
186 1873 255 1936 seio
278 1873 379 1948 isluo;
410 1891 486 1954 ergo
510 1879 685 1955 utrumque
708 1871 768 1936 tibi
792 1892 879 1935 nune
903 1870 1059 1936 dilectum
1081 1891 1163 1954 para

86 1980 200 2064 Atque
225 2001 265 2044 ex
287 1980 398 2046 multis
423 1977 556 2062 exquire
579 1980 644 2043 illis
667 2001 766 2043 uuum
790 1981 845 2061 qui
868 1985 978 2044 certus
1003 1977 1090 2060 sisu]

548 2121 765 2186 Calidorus

85 2229 160 2294 lam
187 2229 243 2294 hie
265 2230 339 2295 laxo
361 2231 479 2295 aderit.

544 2349 768 2415 Pseudolus

435 2457 531 2522 Potin
555 2466 593 2523 ut
615 2458 738 2523 abeas?
761 2458 822 2522 libi
845 2477 969 2522 moram
994 2457 1089 2520 dietis
1113 2476 1214 2521 ereas.

441 2833 690 2900 PSEUDOLUS
714 2832 877 2906 SERUOS
1014 2908 1018 2926 ,
1155 2829 1213 2894 DU

89 3019 270 3102 Postquam
293 3021 359 3084 illie
381 3019 457 3086 hino
480 3023 571 3098 abiit,
595 3030 631 3087 tu
655 3022 767 3086 adstas
791 3022 888 3098 solus,
912 3019 1084 3085 Pseudolo.
1164 3035 1213 3088 395

91 3127 178 3205 Quid
204 3146 289 3192 nune
312 3129 463 3206 aeturus,
488 3139 661 3214 postquem
686 3131 758 3195 erili
781 3131 848 3194 filio

90 3236 255 3319 Largitu’s
278 3237 374 3300 dietis
398 3237 533 3321 dapsilis
556 3239 743 3303 lubentius?

91 3343 176 3420 Quoi
200 3365 305 3426 neque
329 3355 447 3428 parata
470 3354 564 3428 gutta
587 3349 667 3412 certi
692 3347 816 3422 consili,

91 3451 205 3535 Neque
229 3453 371 3517 exordiri
394 3455 533 3536 primum
557 3457 644 3520 unde
667 3457 811 3539 occipias
834 3456 935 3521 habes

91 3557 203 3642 Neque
226 3559 268 3623 ad
292 3560 510 3627 delexuudam
533 3563 632 3629 telam
657 3573 762 3627 certos
785 3565 951 3628 terminos.
1162 3579 1214 3630 400

156 3747 280 3812 tempori
299 3745 352 3800 BC
449 3750 499 3803 390
518 3750 607 3804 adhue
626 3749 676 3802 BC
772 3753 843 3806 seito
863 3750 890 3816 C,
910 3750 1040 3804 celeriter
1059 3749 1084 3801 A
1162 3749 1210 3801 991

91 3829 142 3882 CA.
163 3845 215 3884 om.
286 3832 411 3886 mulliA
481 3845 556 3888 certe
575 3837 621 3904 qui
641 3835 666 3886 A
737 3837 787 3890 392
806 3837 834 3891 C.
853 3837 915 3908 Ego
981 3835 1074 3889 istunc
1092 3850 1159 3902 ergo
1178 3833 1211 3898 A,

90 3915 161 3968 issue
181 3915 208 3966 P.
230 3933 299 3984 ergo
318 3915 369 3970 BC
438 3921 578 3988 utrimque
597 3920 649 3974 BC
716 3921 855 3979 delectum
874 3923 900 3974 A
974 3923 1023 3976 993
1043 3923 1133 3988 Atque
1149 3925 1213 3986 post

90 4001 183 4054 mullis
196 4003 281 4069 pouit
298 4003 330 4069 A,
350 4018 398 4056 om.
418 4003 470 4058 BC
558 4005 613 4059 illis
636 4008 732 4061 amieis
750 4011 777 4062 A
851 4015 956 4062 certusl
975 4007 1043 4061 sedo
1061 4006 1087 4060 A
1161 4007 1212 4058 394

91 4085 142 4138 CA.
160 4086 255 4140 om.C
322 4085 372 4140 PS.
392 4103 442 4142 om.
513 4091 631 4144 selahi
651 4097 789 4149 santes?

89 4173 139 4224 998
157 4169 209 4237 Qui
228 4171 281 4226 BC
403 4173 474 4241 Quoi
494 4193 544 4229 neo
562 4178 653 4244 parati
672 4185 714 4231 est
733 4183 881 4250 quiequam
901 4180 970 4234 uerli
989 4177 1089 4232 consili
1108 4177 1141 4244 A,
1164 4175 1213 4230 ubi

89 4259 214 4314 seouuur
234 4271 343 4310 versus:
374 4257 471 4328 Neque
496 4262 565 4314 adeo
590 4265 697 4330 argenti
722 4284 811 4334 neque
836 4283 911 4320 nune
935 4265 1002 4333 quid
1024 4263 1124 4318 lusiam
1145 4264 1210 4316 seio.

89 4343 138 4394 399
156 4342 278 4410 accipias
296 4341 398 4398 habeus
417 4344 441 4399 C
1229 4353 1235 4362 '
