<?xml version="1.0" encoding="UTF-8"?>
<!DOCTYPE html PUBLIC "-//W3C//DTD XHTML 1.0 Transitional//EN"
    "http://www.w3.org/TR/xhtml1/DTD/xhtml1-transitional.dtd">
<html xmlns="http://www.w3.org/1999/xhtml" xml:lang="en" lang="en">
 <head>
  <title>
</title>
<meta http-equiv="Content-Type" content="text/html;charset=utf-8" />
  <meta name='ocr-system' content='tesseract 3.04.00' />
  <meta name='ocr-capabilities' content='ocr_page ocr_carea ocr_par ocr_line ocrx_word'/>
</head>
<body>
  <div class='ocr_page' id='page_1' title='image "./tmacciiplautico01ussigoog_0691.png"; bbox 0 0 2982 5020; ppageno 0'>
   <div class='ocr_carea' id='block_1_1' title="bbox 298 457 923 524">
    <p class='ocr_par' dir='ltr' id='par_1_1' title="bbox 298 457 923 524">
     <span class='ocr_line' id='line_1_1' title="bbox 298 457 923 524; baseline -0.002 -11"><span class='ocrx_word' id='word_1_1' title='bbox 298 462 356 524; x_wconf 80' lang='lat'><strong>316</strong></span> <span class='ocrx_word' id='word_1_2' title='bbox 777 457 923 513; x_wconf 74' lang='lat' dir='ltr'><strong>Poenulus.</strong></span> 
     </span>
    </p>
   </div>
   <div class='ocr_carea' id='block_1_2' title="bbox 251 646 1466 4428">
    <p class='ocr_par' dir='ltr' id='par_1_2' title="bbox 251 646 1466 4428">
     <span class='ocr_line' id='line_1_2' title="bbox 296 646 1406 734; baseline -0.004 -22"><span class='ocrx_word' id='word_1_3' title='bbox 296 655 431 730; x_wconf 86' lang='lat' dir='ltr'><strong>seqnitur</strong></span> <span class='ocrx_word' id='word_1_4' title='bbox 452 657 547 712; x_wconf 87' lang='lat' dir='ltr'><strong>totum</strong></span> <span class='ocrx_word' id='word_1_5' title='bbox 571 673 662 727; x_wconf 81' lang='lat' dir='ltr'><strong>mere,</strong></span> <span class='ocrx_word' id='word_1_6' title='bbox 686 655 788 726; x_wconf 88' lang='lat' dir='ltr'><strong>nubes,</strong></span> <span class='ocrx_word' id='word_1_7' title='bbox 812 653 914 712; x_wconf 74' lang='lat' dir='ltr'><strong>stelle.</strong></span> <span class='ocrx_word' id='word_1_8' title='bbox 946 646 1115 734; x_wconf 53' lang='grc' dir='ltr'><strong>Ι03444αή</strong></span> <span class='ocrx_word' id='word_1_9' title='bbox 1138 655 1229 711; x_wconf 84' lang='lat' dir='ltr'><strong>etiam</strong></span> <span class='ocrx_word' id='word_1_10' title='bbox 1254 655 1282 710; x_wconf 91' lang='lat' dir='ltr'><strong>in</strong></span> <span class='ocrx_word' id='word_1_11' title='bbox 1300 653 1327 710; x_wconf 92' lang='lat' dir='ltr'><strong>A</strong></span> <span class='ocrx_word' id='word_1_12' title='bbox 1345 653 1406 726; x_wconf 71' lang='lat' dir='ltr'><strong>legit</strong></span> 
     </span>
     <span class='ocr_line' id='line_1_3' title="bbox 296 755 1405 834; baseline -0.003 -20"><span class='ocrx_word' id='word_1_13' title='bbox 296 755 401 832; x_wconf 88' lang='lat' dir='ltr'><strong>Gepp.,</strong></span> <span class='ocrx_word' id='word_1_14' title='bbox 431 755 482 814; x_wconf 89' lang='lat' dir='ltr'><strong>sed</strong></span> <span class='ocrx_word' id='word_1_15' title='bbox 505 759 676 834; x_wconf 86' lang='lat' dir='ltr'><strong>corruptum</strong></span> <span class='ocrx_word' id='word_1_16' title='bbox 699 777 820 816; x_wconf 81' lang='lat' dir='ltr'><strong>censens</strong></span> <span class='ocrx_word' id='word_1_17' title='bbox 843 755 952 816; x_wconf 88' lang='lat' dir='ltr'><strong>edidit:</strong></span> <span class='ocrx_word' id='word_1_18' title='bbox 990 755 1073 828; x_wconf 83' lang='lat' dir='ltr'><strong>„Non</strong></span> <span class='ocrx_word' id='word_1_19' title='bbox 1099 755 1198 813; x_wconf 85' lang='lat' dir='ltr'><strong>hercle</strong></span> <span class='ocrx_word' id='word_1_20' title='bbox 1221 774 1338 814; x_wconf 79' lang='lat' dir='ltr'><strong>merear</strong></span> <span class='ocrx_word' id='word_1_21' title='bbox 1358 775 1405 830; x_wconf 89' lang='lat' dir='ltr'><strong>prc</strong></span> 
     </span>
     <span class='ocr_line' id='line_1_4' title="bbox 296 851 1407 934; baseline -0.003 -19"><span class='ocrx_word' id='word_1_22' title='bbox 296 857 360 928; x_wconf 86' lang='lat' dir='ltr'><strong>hoc,</strong></span> <span class='ocrx_word' id='word_1_23' title='bbox 384 857 440 918; x_wconf 86' lang='lat' dir='ltr'><strong>llll.</strong></span> <span class='ocrx_word' id='word_1_24' title='bbox 466 857 530 934; x_wconf 85' lang='lat' dir='ltr'><strong>Abi,</strong></span> <span class='ocrx_word' id='word_1_25' title='bbox 549 859 597 917; x_wconf 83' lang='lat' dir='ltr'><strong>sbi</strong></span> <span class='ocrx_word' id='word_1_26' title='bbox 609 855 727 920; x_wconf 82' lang='lat' dir='ltr'><strong>mod0“.</strong></span> <span class='ocrx_word' id='word_1_27' title='bbox 742 889 782 902; x_wconf 90' lang='lat'>-</span> <span class='ocrx_word' id='word_1_28' title='bbox 800 860 870 918; x_wconf 76' lang='lat'><strong>429.</strong></span> <span class='ocrx_word' id='word_1_29' title='bbox 884 851 1064 930; x_wconf 67' lang='lat' dir='ltr'><strong>Achmnti,</strong></span> <span class='ocrx_word' id='word_1_30' title='bbox 1082 857 1138 928; x_wconf 84' lang='lat' dir='ltr'><strong>vel,</strong></span> <span class='ocrx_word' id='word_1_31' title='bbox 1156 859 1182 916; x_wconf 89' lang='lat' dir='ltr'><strong>si</strong></span> <span class='ocrx_word' id='word_1_32' title='bbox 1193 859 1317 934; x_wconf 87' lang='lat' dir='ltr'><strong>propius</strong></span> <span class='ocrx_word' id='word_1_33' title='bbox 1329 855 1407 915; x_wconf 88' lang='lat' dir='ltr'><strong>codd.</strong></span> 
     </span>
     <span class='ocr_line' id='line_1_5' title="bbox 297 953 1406 1038; baseline -0.001 -22"><span class='ocrx_word' id='word_1_34' title='bbox 297 960 508 1036; x_wconf 72' lang='lat' dir='ltr'><strong>coquinarie,</strong></span> <span class='ocrx_word' id='word_1_35' title='bbox 542 957 760 1038; x_wconf 80' lang='lat' dir='ltr'><strong>„Acherunte“‚</strong></span> <span class='ocrx_word' id='word_1_36' title='bbox 792 963 811 1019; x_wconf 93' lang='lat' dir='ltr'><strong>i.</strong></span> <span class='ocrx_word' id='word_1_37' title='bbox 836 981 861 1020; x_wconf 90' lang='lat' dir='ltr'><strong>e.</strong></span> <span class='ocrx_word' id='word_1_38' title='bbox 885 963 915 1020; x_wconf 93' lang='lat' dir='ltr'><strong>in</strong></span> <span class='ocrx_word' id='word_1_39' title='bbox 939 959 1025 1019; x_wconf 87' lang='lat' dir='ltr'><strong>Orco.</strong></span> <span class='ocrx_word' id='word_1_40' title='bbox 1055 989 1092 1000; x_wconf 90' lang='grc'>-</span> <span class='ocrx_word' id='word_1_41' title='bbox 1127 953 1293 1032; x_wconf 72' lang='lat' dir='ltr'><strong>Etiamne,</strong></span> <span class='ocrx_word' id='word_1_42' title='bbox 1325 979 1353 1017; x_wconf 82' lang='lat' dir='ltr'><strong>v.</strong></span> <span class='ocrx_word' id='word_1_43' title='bbox 1375 959 1406 1015; x_wconf 80' lang='lat' dir='ltr'><strong>ed</strong></span> 
     </span>
     <span class='ocr_line' id='line_1_6' title="bbox 296 1053 1406 1141; baseline -0.003 -19"><span class='ocrx_word' id='word_1_44' title='bbox 296 1063 378 1122; x_wconf 86' lang='lat' dir='ltr'><strong>Asin.</strong></span> <span class='ocrx_word' id='word_1_45' title='bbox 404 1064 473 1122; x_wconf 77' lang='lat'><strong>⁷07.</strong></span> <span class='ocrx_word' id='word_1_46' title='bbox 500 1093 537 1104; x_wconf 89' lang='lat'>-</span> <span class='ocrx_word' id='word_1_47' title='bbox 569 1065 640 1124; x_wconf 87' lang='grc'><strong>430.</strong></span> <span class='ocrx_word' id='word_1_48' title='bbox 669 1060 796 1141; x_wconf 75' lang='lat' dir='ltr'><strong>aquaist</strong></span> <span class='ocrx_word' id='word_1_49' title='bbox 817 1063 903 1124; x_wconf 90' lang='lat' dir='ltr'><strong>Both.</strong></span> <span class='ocrx_word' id='word_1_50' title='bbox 931 1059 1139 1141; x_wconf 82' lang='lat' dir='ltr'><strong>„squsrnmst“</strong></span> <span class='ocrx_word' id='word_1_51' title='bbox 1164 1062 1251 1121; x_wconf 79' lang='lat' dir='ltr'><strong>unu.</strong></span> <span class='ocrx_word' id='word_1_52' title='bbox 1274 1091 1314 1102; x_wconf 91' lang='lat'>-</span> <span class='ocrx_word' id='word_1_53' title='bbox 1335 1053 1406 1120; x_wconf 78' lang='lat' dir='ltr'><strong>Ati·</strong></span> 
     </span>
     <span class='ocr_line' id='line_1_7' title="bbox 297 1159 1404 1244; baseline -0.003 -21"><span class='ocrx_word' id='word_1_54' title='bbox 297 1165 393 1224; x_wconf 74' lang='lat' dir='ltr'><strong>turam</strong></span> <span class='ocrx_word' id='word_1_55' title='bbox 415 1165 449 1224; x_wconf 91' lang='lat' dir='ltr'><strong>A.</strong></span> <span class='ocrx_word' id='word_1_56' title='bbox 472 1195 513 1206; x_wconf 97' lang='lat'>—</span> <span class='ocrx_word' id='word_1_57' title='bbox 536 1169 607 1226; x_wconf 89' lang='grc'><strong>431.</strong></span> <span class='ocrx_word' id='word_1_58' title='bbox 634 1159 753 1244; x_wconf 75' lang='lat' dir='ltr'><strong>Pcryin</strong></span> <span class='ocrx_word' id='word_1_59' title='bbox 768 1179 909 1244; x_wconf 65' lang='lat' dir='ltr'><strong>perpere,</strong></span> <span class='ocrx_word' id='word_1_60' title='bbox 931 1165 968 1224; x_wconf 84' lang='lat' dir='ltr'><strong>ct.</strong></span> <span class='ocrx_word' id='word_1_61' title='bbox 992 1163 1099 1224; x_wconf 76' lang='lat' dir='ltr'><strong>Pseud.</strong></span> <span class='ocrx_word' id='word_1_62' title='bbox 1126 1166 1221 1224; x_wconf 79' lang='lat'>1250:</span> <span class='ocrx_word' id='word_1_63' title='bbox 1265 1164 1404 1240; x_wconf 77' lang='lat' dir='ltr'><strong>„Pergitin</strong></span> 
     </span>
     <span class='ocr_line' id='line_1_8' title="bbox 296 1263 1405 1346; baseline -0.002 -21"><span class='ocrx_word' id='word_1_64' title='bbox 296 1263 450 1345; x_wconf 77' lang='lat' dir='ltr'><strong>pergere“.</strong></span> <span class='ocrx_word' id='word_1_65' title='bbox 496 1268 590 1346; x_wconf 84' lang='lat' dir='ltr'><strong>Gepp.</strong></span> <span class='ocrx_word' id='word_1_66' title='bbox 616 1289 652 1328; x_wconf 82' lang='lat' dir='ltr'><strong>ex</strong></span> <span class='ocrx_word' id='word_1_67' title='bbox 674 1269 801 1328; x_wconf 80' lang='lat' dir='ltr'><strong>Acidalii</strong></span> <span class='ocrx_word' id='word_1_68' title='bbox 824 1271 899 1330; x_wconf 90' lang='lat' dir='ltr'><strong>coni.</strong></span> <span class='ocrx_word' id='word_1_69' title='bbox 927 1264 1105 1345; x_wconf 81' lang='lat' dir='ltr'><strong>„perdere“;</strong></span> <span class='ocrx_word' id='word_1_70' title='bbox 1138 1269 1217 1343; x_wconf 91' lang='lat' dir='ltr'><strong>quod</strong></span> <span class='ocrx_word' id='word_1_71' title='bbox 1241 1271 1334 1324; x_wconf 64' lang='lat' dir='ltr'><strong>annm</strong></span> <span class='ocrx_word' id='word_1_72' title='bbox 1357 1267 1405 1324; x_wconf 86' lang='lat' dir='ltr'><strong>hor</strong></span> 
     </span>
     <span class='ocr_line' id='line_1_9' title="bbox 297 1368 1404 1450; baseline -0.001 -23"><span class='ocrx_word' id='word_1_73' title='bbox 297 1369 326 1428; x_wconf 91' lang='lat' dir='ltr'><strong>io</strong></span> <span class='ocrx_word' id='word_1_74' title='bbox 346 1369 372 1428; x_wconf 92' lang='lat' dir='ltr'><strong>A</strong></span> <span class='ocrx_word' id='word_1_75' title='bbox 390 1375 506 1428; x_wconf 81' lang='lat' dir='ltr'><strong>exstare</strong></span> <span class='ocrx_word' id='word_1_76' title='bbox 523 1371 649 1443; x_wconf 84' lang='lat' dir='ltr'><strong>dixerat,</strong></span> <span class='ocrx_word' id='word_1_77' title='bbox 673 1373 703 1432; x_wconf 92' lang='lat' dir='ltr'><strong>id</strong></span> <span class='ocrx_word' id='word_1_78' title='bbox 723 1377 827 1450; x_wconf 85' lang='lat' dir='ltr'><strong>postes</strong></span> <span class='ocrx_word' id='word_1_79' title='bbox 849 1391 906 1431; x_wconf 89' lang='lat' dir='ltr'><strong>non</strong></span> <span class='ocrx_word' id='word_1_80' title='bbox 929 1373 971 1428; x_wconf 86' lang='lat' dir='ltr'><strong>ita</strong></span> <span class='ocrx_word' id='word_1_81' title='bbox 995 1389 1059 1428; x_wconf 87' lang='lat' dir='ltr'><strong>esse</strong></span> <span class='ocrx_word' id='word_1_82' title='bbox 1082 1370 1231 1428; x_wconf 80' lang='lat' dir='ltr'><strong>confessus</strong></span> <span class='ocrx_word' id='word_1_83' title='bbox 1253 1376 1306 1440; x_wconf 82' lang='lat' dir='ltr'><strong>est,</strong></span> <span class='ocrx_word' id='word_1_84' title='bbox 1328 1368 1404 1428; x_wconf 89' lang='lat' dir='ltr'><strong>Stud.</strong></span> 
     </span>
     <span class='ocr_line' id='line_1_10' title="bbox 296 1471 1403 1552; baseline -0.001 -22"><span class='ocrx_word' id='word_1_85' title='bbox 296 1471 324 1530; x_wconf 93' lang='lat'><strong>11</strong></span> <span class='ocrx_word' id='word_1_86' title='bbox 347 1491 375 1549; x_wconf 90' lang='lat' dir='ltr'><strong>p.</strong></span> <span class='ocrx_word' id='word_1_87' title='bbox 401 1475 429 1532; x_wconf 90' lang='lat'><strong>5.</strong></span> <span class='ocrx_word' id='word_1_88' title='bbox 453 1501 494 1512; x_wconf 88' lang='lat'>-</span> <span class='ocrx_word' id='word_1_89' title='bbox 522 1475 593 1533; x_wconf 80' lang='lat'><strong>432.</strong></span> <span class='ocrx_word' id='word_1_90' title='bbox 623 1475 707 1546; x_wconf 80' lang='lat' dir='ltr'><strong>Quod</strong></span> <span class='ocrx_word' id='word_1_91' title='bbox 730 1473 824 1552; x_wconf 86' lang='lat' dir='ltr'><strong>Gepp.</strong></span> <span class='ocrx_word' id='word_1_92' title='bbox 847 1476 899 1548; x_wconf 82' lang='lat' dir='ltr'><strong>sit,</strong></span> <span class='ocrx_word' id='word_1_93' title='bbox 923 1472 992 1533; x_wconf 92' lang='lat' dir='ltr'><strong>inde</strong></span> <span class='ocrx_word' id='word_1_94' title='bbox 1015 1472 1051 1530; x_wconf 82' lang='lat' dir='ltr'><strong>sb</strong></span> <span class='ocrx_word' id='word_1_95' title='bbox 1074 1473 1102 1531; x_wconf 91' lang='lat' dir='ltr'><strong>h.</strong></span> <span class='ocrx_word' id='word_1_96' title='bbox 1126 1491 1153 1531; x_wconf 83' lang='lat' dir='ltr'><strong>r.</strong></span> <span class='ocrx_word' id='word_1_97' title='bbox 1176 1491 1272 1548; x_wconf 86' lang='lat' dir='ltr'><strong>usqne</strong></span> <span class='ocrx_word' id='word_1_98' title='bbox 1293 1471 1329 1530; x_wconf 85' lang='lat' dir='ltr'><strong>ad</strong></span> <span class='ocrx_word' id='word_1_99' title='bbox 1351 1472 1403 1529; x_wconf 76' lang='grc'><strong>438</strong></span> 
     </span>
     <span class='ocr_line' id='line_1_11' title="bbox 297 1573 1404 1655; baseline -0.001 -23"><span class='ocrx_word' id='word_1_100' title='bbox 297 1575 326 1632; x_wconf 93' lang='lat' dir='ltr'><strong>in</strong></span> <span class='ocrx_word' id='word_1_101' title='bbox 350 1573 434 1633; x_wconf 87' lang='lat' dir='ltr'><strong>codd.</strong></span> <span class='ocrx_word' id='word_1_102' title='bbox 458 1578 555 1636; x_wconf 84' lang='lat' dir='ltr'><strong>omnia</strong></span> <span class='ocrx_word' id='word_1_103' title='bbox 577 1577 765 1655; x_wconf 72' lang='lat' dir='ltr'><strong>Agorastocli</strong></span> <span class='ocrx_word' id='word_1_104' title='bbox 788 1577 897 1648; x_wconf 83' lang='lat' dir='ltr'><strong>tribui,</strong></span> <span class='ocrx_word' id='word_1_105' title='bbox 931 1595 989 1635; x_wconf 90' lang='lat' dir='ltr'><strong>non</strong></span> <span class='ocrx_word' id='word_1_106' title='bbox 1016 1577 1060 1633; x_wconf 79' lang='lat' dir='ltr'><strong>ita</strong></span> <span class='ocrx_word' id='word_1_107' title='bbox 1088 1579 1146 1647; x_wconf 86' lang='lat' dir='ltr'><strong>aet,</strong></span> <span class='ocrx_word' id='word_1_108' title='bbox 1181 1595 1249 1632; x_wconf 85' lang='lat' dir='ltr'><strong>nam</strong></span> <span class='ocrx_word' id='word_1_109' title='bbox 1278 1573 1404 1651; x_wconf 82' lang='lat' dir='ltr'><strong>pluribus</strong></span> 
     </span>
     <span class='ocr_line' id='line_1_12' title="bbox 297 1677 1404 1755; baseline -0.001 -20"><span class='ocrx_word' id='word_1_110' title='bbox 297 1677 369 1736; x_wconf 87' lang='lat' dir='ltr'><strong>locis</strong></span> <span class='ocrx_word' id='word_1_111' title='bbox 392 1679 488 1755; x_wconf 83' lang='lat' dir='ltr'><strong>spatia</strong></span> <span class='ocrx_word' id='word_1_112' title='bbox 510 1685 615 1738; x_wconf 83' lang='lat' dir='ltr'><strong>vacant</strong></span> <span class='ocrx_word' id='word_1_113' title='bbox 637 1685 782 1738; x_wconf 83' lang='lat' dir='ltr'><strong>notarum.</strong></span> <span class='ocrx_word' id='word_1_114' title='bbox 838 1679 897 1740; x_wconf 84' lang='lat' dir='ltr'><strong>Suo</strong></span> <span class='ocrx_word' id='word_1_115' title='bbox 920 1685 1018 1736; x_wconf 87' lang='lat' dir='ltr'><strong>antem</strong></span> <span class='ocrx_word' id='word_1_116' title='bbox 1041 1677 1165 1750; x_wconf 88' lang='lat' dir='ltr'><strong>indicio,</strong></span> <span class='ocrx_word' id='word_1_117' title='bbox 1194 1697 1254 1736; x_wconf 91' lang='lat' dir='ltr'><strong>non</strong></span> <span class='ocrx_word' id='word_1_118' title='bbox 1283 1677 1404 1736; x_wconf 86' lang='lat' dir='ltr'><strong>codicum</strong></span> 
     </span>
     <span class='ocr_line' id='line_1_13' title="bbox 297 1773 1404 1862; baseline 0.001 -27"><span class='ocrx_word' id='word_1_119' title='bbox 297 1783 491 1854; x_wconf 80' lang='lat' dir='ltr'><strong>anctoritate,</strong></span> <span class='ocrx_word' id='word_1_120' title='bbox 525 1788 612 1842; x_wconf 83' lang='lat' dir='ltr'><strong>notas</strong></span> <span class='ocrx_word' id='word_1_121' title='bbox 640 1787 803 1862; x_wconf 87' lang='lat' dir='ltr'><strong>posuerunt</strong></span> <span class='ocrx_word' id='word_1_122' title='bbox 834 1781 900 1840; x_wconf 85' lang='lat' dir='ltr'><strong>edd.</strong></span> <span class='ocrx_word' id='word_1_123' title='bbox 929 1811 971 1822; x_wconf 93' lang='lat'><strong>-—</strong></span> <span class='ocrx_word' id='word_1_124' title='bbox 1000 1781 1070 1840; x_wconf 87' lang='grc'><strong>433.</strong></span> <span class='ocrx_word' id='word_1_125' title='bbox 1107 1773 1218 1857; x_wconf 76' lang='lat' dir='ltr'><strong>Neque</strong></span> <span class='ocrx_word' id='word_1_126' title='bbox 1239 1775 1296 1840; x_wconf 75' lang='lat' dir='ltr'><strong>hoo</strong></span> <span class='ocrx_word' id='word_1_127' title='bbox 1317 1795 1404 1856; x_wconf 65' lang='lat' dir='ltr'><strong>ireque</strong></span> 
     </span>
     <span class='ocr_line' id='line_1_14' title="bbox 298 1877 1403 1961; baseline -0.003 -21"><span class='ocrx_word' id='word_1_128' title='bbox 298 1877 377 1941; x_wconf 80' lang='lat' dir='ltr'><strong>illud</strong></span> <span class='ocrx_word' id='word_1_129' title='bbox 409 1877 464 1959; x_wconf 82' lang='lat' dir='ltr'><strong>(sic</strong></span> <span class='ocrx_word' id='word_1_130' title='bbox 496 1879 536 1961; x_wconf 88' lang='lat' dir='ltr'><strong>A)</strong></span> <span class='ocrx_word' id='word_1_131' title='bbox 571 1885 759 1960; x_wconf 73' lang='lat' dir='ltr'><strong>Agorastocli</strong></span> <span class='ocrx_word' id='word_1_132' title='bbox 799 1884 956 1958; x_wconf 83' lang='lat' dir='ltr'><strong>dederunt,</strong></span> <span class='ocrx_word' id='word_1_133' title='bbox 999 1885 1049 1960; x_wconf 90' lang='lat' dir='ltr'><strong>qui</strong></span> <span class='ocrx_word' id='word_1_134' title='bbox 1088 1885 1112 1942; x_wconf 85' lang='lat' dir='ltr'><strong>si</strong></span> <span class='ocrx_word' id='word_1_135' title='bbox 1151 1885 1194 1942; x_wconf 89' lang='lat' dir='ltr'><strong>sic</strong></span> <span class='ocrx_word' id='word_1_136' title='bbox 1234 1883 1403 1960; x_wconf 86' lang='lat' dir='ltr'><strong>loqueretur,</strong></span> 
     </span>
     <span class='ocr_line' id='line_1_15' title="bbox 297 1985 1405 2068; baseline -0.001 -27"><span class='ocrx_word' id='word_1_137' title='bbox 297 2003 328 2042; x_wconf 83' lang='lat' dir='ltr'><strong>se</strong></span> <span class='ocrx_word' id='word_1_138' title='bbox 351 1985 414 2062; x_wconf 87' lang='lat' dir='ltr'><strong>ipse</strong></span> <span class='ocrx_word' id='word_1_139' title='bbox 437 1987 558 2046; x_wconf 88' lang='lat' dir='ltr'><strong>rideret.</strong></span> <span class='ocrx_word' id='word_1_140' title='bbox 603 1987 777 2068; x_wconf 83' lang='lat' dir='ltr'><strong>Milphionis</strong></span> <span class='ocrx_word' id='word_1_141' title='bbox 798 1993 869 2048; x_wconf 87' lang='lat' dir='ltr'><strong>sunt</strong></span> <span class='ocrx_word' id='word_1_142' title='bbox 890 1989 935 2046; x_wconf 85' lang='lat' dir='ltr'><strong>ins</strong></span> <span class='ocrx_word' id='word_1_143' title='bbox 957 1986 1111 2046; x_wconf 87' lang='lat' dir='ltr'><strong>iurandum</strong></span> <span class='ocrx_word' id='word_1_144' title='bbox 1130 1986 1195 2045; x_wconf 86' lang='lat' dir='ltr'><strong>heri</strong></span> <span class='ocrx_word' id='word_1_145' title='bbox 1212 1985 1359 2044; x_wconf 83' lang='lat' dir='ltr'><strong>irridentis</strong></span> <span class='ocrx_word' id='word_1_146' title='bbox 1379 1989 1405 2042; x_wconf 86' lang='lat' dir='ltr'><strong>ct</strong></span> 
     </span>
     <span class='ocr_line' id='line_1_16' title="bbox 296 2073 1465 2169; baseline -0.001 -24"><span class='ocrx_word' id='word_1_147' title='bbox 296 2087 506 2148; x_wconf 71' lang='lat' dir='ltr'><strong>subsannantis</strong></span> <span class='ocrx_word' id='word_1_148' title='bbox 527 2095 562 2148; x_wconf 91' lang='lat' dir='ltr'><strong>ut</strong></span> <span class='ocrx_word' id='word_1_149' title='bbox 585 2089 670 2169; x_wconf 81' lang='lat' dir='ltr'><strong>Epid.</strong></span> <span class='ocrx_word' id='word_1_150' title='bbox 696 2093 753 2150; x_wconf 82' lang='lat'><strong>99:</strong></span> <span class='ocrx_word' id='word_1_151' title='bbox 785 2091 844 2166; x_wconf 88' lang='lat' dir='ltr'><strong>„At</strong></span> <span class='ocrx_word' id='word_1_152' title='bbox 866 2091 941 2149; x_wconf 87' lang='lat' dir='ltr'><strong>enim</strong></span> <span class='ocrx_word' id='word_1_153' title='bbox 965 2119 1006 2130; x_wconf 89' lang='lat'>-</span> <span class='ocrx_word' id='word_1_154' title='bbox 1028 2087 1085 2147; x_wconf 89' lang='lat' dir='ltr'><strong>Bat</strong></span> <span class='ocrx_word' id='word_1_155' title='bbox 1106 2083 1214 2148; x_wconf 87' lang='lat' dir='ltr'><strong>enim“.</strong></span> <span class='ocrx_word' id='word_1_156' title='bbox 1260 2089 1314 2148; x_wconf 88' lang='lat' dir='ltr'><strong>His</strong></span> <span class='ocrx_word' id='word_1_157' title='bbox 1334 2087 1403 2163; x_wconf 82' lang='lat' dir='ltr'><strong>Gep·</strong></span> <span class='ocrx_word' id='word_1_158' title='bbox 1464 2073 1465 2108; x_wconf 68' lang='lat'>³</span> 
     </span>
     <span class='ocr_line' id='line_1_17' title="bbox 296 2189 1403 2270; baseline 0.002 -26"><span class='ocrx_word' id='word_1_159' title='bbox 296 2193 383 2266; x_wconf 82' lang='lat' dir='ltr'><strong>perte</strong></span> <span class='ocrx_word' id='word_1_160' title='bbox 406 2197 524 2250; x_wconf 78' lang='lat' dir='ltr'><strong>auctore</strong></span> <span class='ocrx_word' id='word_1_161' title='bbox 547 2208 646 2268; x_wconf 78' lang='lat' dir='ltr'><strong>neque</strong></span> <span class='ocrx_word' id='word_1_162' title='bbox 669 2193 804 2266; x_wconf 78' lang='lat' dir='ltr'><strong>adiunxi,</strong></span> <span class='ocrx_word' id='word_1_163' title='bbox 828 2211 917 2270; x_wconf 90' lang='lat' dir='ltr'><strong>quum</strong></span> <span class='ocrx_word' id='word_1_164' title='bbox 940 2191 1031 2265; x_wconf 81' lang='lat' dir='ltr'><strong>vulgo</strong></span> <span class='ocrx_word' id='word_1_165' title='bbox 1055 2189 1180 2250; x_wconf 80' lang='lat' dir='ltr'><strong>edatur:</strong></span> <span class='ocrx_word' id='word_1_166' title='bbox 1214 2191 1290 2264; x_wconf 79' lang='lat' dir='ltr'><strong>„ML</strong></span> <span class='ocrx_word' id='word_1_167' title='bbox 1311 2191 1403 2265; x_wconf 84' lang='lat' dir='ltr'>Neque</span> 
     </span>
     <span class='ocr_line' id='line_1_18' title="bbox 297 2289 1464 2374; baseline 0 -26"><span class='ocrx_word' id='word_1_168' title='bbox 297 2294 448 2352; x_wconf 88' lang='lat' dir='ltr'><strong>enimuero</strong></span> <span class='ocrx_word' id='word_1_169' title='bbox 470 2289 586 2370; x_wconf 79' lang='lat' dir='ltr'><strong>serio“;</strong></span> <span class='ocrx_word' id='word_1_170' title='bbox 610 2317 675 2354; x_wconf 80' lang='lat' dir='ltr'><strong>narn</strong></span> <span class='ocrx_word' id='word_1_171' title='bbox 702 2315 817 2374; x_wconf 86' lang='lat' dir='ltr'><strong>„nsque</strong></span> <span class='ocrx_word' id='word_1_172' title='bbox 839 2291 935 2354; x_wconf 84' lang='lat' dir='ltr'><strong>eninr“</strong></span> <span class='ocrx_word' id='word_1_173' title='bbox 958 2299 988 2353; x_wconf 91' lang='lat' dir='ltr'><strong>et</strong></span> <span class='ocrx_word' id='word_1_174' title='bbox 1012 2313 1124 2370; x_wconf 85' lang='lat' dir='ltr'><strong>„neque</strong></span> <span class='ocrx_word' id='word_1_175' title='bbox 1147 2292 1235 2353; x_wconf 81' lang='lat' dir='ltr'><strong>verc“</strong></span> <span class='ocrx_word' id='word_1_176' title='bbox 1262 2293 1345 2370; x_wconf 79' lang='lat' dir='ltr'><strong>vulgo</strong></span> <span class='ocrx_word' id='word_1_177' title='bbox 1364 2291 1402 2348; x_wconf 89' lang='lat' dir='ltr'><strong>di·</strong></span> <span class='ocrx_word' id='word_1_178' title='bbox 1463 2319 1464 2328; x_wconf 22' lang='grc' dir='ltr'><strong>κ</strong></span> 
     </span>
     <span class='ocr_line' id='line_1_19' title="bbox 297 2395 1466 2476; baseline -0.001 -24"><span class='ocrx_word' id='word_1_179' title='bbox 297 2401 418 2468; x_wconf 86' lang='lat' dir='ltr'><strong>cuntur,</strong></span> <span class='ocrx_word' id='word_1_180' title='bbox 456 2417 567 2475; x_wconf 81' lang='lat' dir='ltr'><strong>„neque</strong></span> <span class='ocrx_word' id='word_1_181' title='bbox 601 2395 769 2458; x_wconf 83' lang='lat' dir='ltr'><strong>enimvero“</strong></span> <span class='ocrx_word' id='word_1_182' title='bbox 801 2399 858 2458; x_wconf 92' lang='lat' dir='ltr'><strong>dici</strong></span> <span class='ocrx_word' id='word_1_183' title='bbox 892 2398 1025 2476; x_wconf 84' lang='lat' dir='ltr'><strong>potuisse</strong></span> <span class='ocrx_word' id='word_1_184' title='bbox 1059 2417 1118 2456; x_wconf 91' lang='lat' dir='ltr'><strong>non</strong></span> <span class='ocrx_word' id='word_1_185' title='bbox 1153 2396 1254 2456; x_wconf 88' lang='lat' dir='ltr'><strong>credo.</strong></span> <span class='ocrx_word' id='word_1_186' title='bbox 1319 2395 1402 2452; x_wconf 81' lang='lat' dir='ltr'><strong>Herus</strong></span> <span class='ocrx_word' id='word_1_187' title='bbox 1465 2397 1466 2446; x_wconf 64' lang='grc' dir='ltr'>ἒ</span> 
     </span>
     <span class='ocr_line' id='line_1_20' title="bbox 296 2491 1403 2578; baseline -0.003 -22"><span class='ocrx_word' id='word_1_188' title='bbox 296 2517 413 2556; x_wconf 89' lang='lat' dir='ltr'><strong>servum</strong></span> <span class='ocrx_word' id='word_1_189' title='bbox 441 2501 633 2578; x_wconf 83' lang='lat' dir='ltr'><strong>interrumpit</strong></span> <span class='ocrx_word' id='word_1_190' title='bbox 660 2503 737 2560; x_wconf 83' lang='lat' dir='ltr'><strong>serio</strong></span> <span class='ocrx_word' id='word_1_191' title='bbox 764 2521 796 2560; x_wconf 84' lang='lat' dir='ltr'><strong>ss</strong></span> <span class='ocrx_word' id='word_1_192' title='bbox 825 2501 905 2578; x_wconf 88' lang='lat' dir='ltr'><strong>loqui</strong></span> <span class='ocrx_word' id='word_1_193' title='bbox 935 2499 1093 2558; x_wconf 85' lang='lat' dir='ltr'><strong>affirmans.</strong></span> <span class='ocrx_word' id='word_1_194' title='bbox 1123 2529 1165 2538; x_wconf 90' lang='lat'>—</span> <span class='ocrx_word' id='word_1_195' title='bbox 1199 2501 1272 2557; x_wconf 82' lang='lat'><strong>433.</strong></span> <span class='ocrx_word' id='word_1_196' title='bbox 1306 2491 1403 2571; x_wconf 74' lang='lat' dir='ltr'><strong>Neque</strong></span> 
     </span>
     <span class='ocr_line' id='line_1_21' title="bbox 296 2595 1401 2688; baseline -0.005 -29"><span class='ocrx_word' id='word_1_197' title='bbox 296 2595 397 2660; x_wconf 74' lang='lat' dir='ltr'><strong>hercle</strong></span> <span class='ocrx_word' id='word_1_198' title='bbox 419 2618 509 2674; x_wconf 74' lang='lat' dir='ltr'><strong>itero,</strong></span> <span class='ocrx_word' id='word_1_199' title='bbox 541 2604 695 2663; x_wconf 80' lang='lat' dir='ltr'><strong>additurus</strong></span> <span class='ocrx_word' id='word_1_200' title='bbox 717 2613 783 2662; x_wconf 86' lang='lat' dir='ltr'><strong>erat</strong></span> <span class='ocrx_word' id='word_1_201' title='bbox 808 2609 857 2676; x_wconf 84' lang='lat' dir='ltr'><strong>„te</strong></span> <span class='ocrx_word' id='word_1_202' title='bbox 880 2604 983 2662; x_wconf 81' lang='lat' dir='ltr'><strong>fallere</strong></span> <span class='ocrx_word' id='word_1_203' title='bbox 1007 2608 1058 2660; x_wconf 88' lang='lat' dir='ltr'><strong>ant</strong></span> <span class='ocrx_word' id='word_1_204' title='bbox 1082 2603 1274 2688; x_wconf 72' lang='lat' dir='ltr'><strong>tergiversari</strong></span> <span class='ocrx_word' id='word_1_205' title='bbox 1297 2597 1401 2677; x_wconf 78' lang='lat' dir='ltr'><strong>eupic&#39;“.</strong></span> 
     </span>
     <span class='ocr_line' id='line_1_22' title="bbox 296 2703 1401 2784; baseline -0.005 -22"><span class='ocrx_word' id='word_1_206' title='bbox 296 2704 330 2763; x_wconf 91' lang='lat' dir='ltr'><strong>ln</strong></span> <span class='ocrx_word' id='word_1_207' title='bbox 352 2703 374 2762; x_wconf 83' lang='lat'>0</span> <span class='ocrx_word' id='word_1_208' title='bbox 397 2725 532 2782; x_wconf 75' lang='lat' dir='ltr'><strong>persone</strong></span> <span class='ocrx_word' id='word_1_209' title='bbox 555 2708 683 2784; x_wconf 83' lang='lat' dir='ltr'><strong>spatium</strong></span> <span class='ocrx_word' id='word_1_210' title='bbox 707 2713 776 2766; x_wconf 84' lang='lat' dir='ltr'><strong>ante</strong></span> <span class='ocrx_word' id='word_1_211' title='bbox 799 2705 860 2765; x_wconf 78' lang='lat' dir='ltr'><strong>hec</strong></span> <span class='ocrx_word' id='word_1_212' title='bbox 882 2705 1034 2778; x_wconf 82' lang='lat' dir='ltr'><strong>vocabule,</strong></span> <span class='ocrx_word' id='word_1_213' title='bbox 1060 2725 1117 2764; x_wconf 90' lang='lat' dir='ltr'><strong>non</strong></span> <span class='ocrx_word' id='word_1_214' title='bbox 1139 2709 1209 2780; x_wconf 86' lang='lat' dir='ltr'><strong>post</strong></span> <span class='ocrx_word' id='word_1_215' title='bbox 1231 2723 1265 2761; x_wconf 88' lang='lat' dir='ltr'><strong>ea</strong></span> <span class='ocrx_word' id='word_1_216' title='bbox 1287 2703 1401 2781; x_wconf 84' lang='lat' dir='ltr'><strong>positum</strong></span> 
     </span>
     <span class='ocr_line' id='line_1_23' title="bbox 297 2805 1400 2886; baseline -0.004 -21"><span class='ocrx_word' id='word_1_217' title='bbox 297 2813 350 2866; x_wconf 90' lang='lat' dir='ltr'><strong>est.</strong></span> <span class='ocrx_word' id='word_1_218' title='bbox 374 2838 416 2848; x_wconf 92' lang='lat'><em>-</em></span> <span class='ocrx_word' id='word_1_219' title='bbox 438 2811 509 2868; x_wconf 83' lang='grc'><strong>435.</strong></span> <span class='ocrx_word' id='word_1_220' title='bbox 535 2805 695 2886; x_wconf 79' lang='lat' dir='ltr'><strong>quiduis,</strong></span> <span class='ocrx_word' id='word_1_221' title='bbox 720 2813 738 2870; x_wconf 93' lang='lat' dir='ltr'><strong>i.</strong></span> <span class='ocrx_word' id='word_1_222' title='bbox 758 2831 783 2868; x_wconf 91' lang='lat' dir='ltr'><strong>e.</strong></span> <span class='ocrx_word' id='word_1_223' title='bbox 801 2809 874 2886; x_wconf 92' lang='lat' dir='ltr'><strong>quid</strong></span> <span class='ocrx_word' id='word_1_224' title='bbox 897 2809 969 2867; x_wconf 83' lang='lat' dir='ltr'><strong>velis</strong></span> <span class='ocrx_word' id='word_1_225' title='bbox 992 2815 1043 2867; x_wconf 87' lang='lat' dir='ltr'><strong>aut</strong></span> <span class='ocrx_word' id='word_1_226' title='bbox 1065 2807 1145 2885; x_wconf 89' lang='lat' dir='ltr'><strong>quod</strong></span> <span class='ocrx_word' id='word_1_227' title='bbox 1167 2807 1223 2880; x_wconf 84' lang='lat' dir='ltr'><strong>vis,</strong></span> <span class='ocrx_word' id='word_1_228' title='bbox 1245 2825 1299 2866; x_wconf 88' lang='lat' dir='ltr'><strong>neo</strong></span> <span class='ocrx_word' id='word_1_229' title='bbox 1320 2809 1400 2862; x_wconf 88' lang='lat' dir='ltr'><strong>muts·</strong></span> 
     </span>
     <span class='ocr_line' id='line_1_24' title="bbox 297 2907 1400 2989; baseline -0.005 -21"><span class='ocrx_word' id='word_1_230' title='bbox 297 2912 377 2970; x_wconf 88' lang='lat' dir='ltr'><strong>tione</strong></span> <span class='ocrx_word' id='word_1_231' title='bbox 406 2931 480 2988; x_wconf 88' lang='lat' dir='ltr'><strong>opus</strong></span> <span class='ocrx_word' id='word_1_232' title='bbox 503 2932 566 2970; x_wconf 86' lang='lat' dir='ltr'><strong>esse</strong></span> <span class='ocrx_word' id='word_1_233' title='bbox 589 2913 690 2985; x_wconf 90' lang='lat' dir='ltr'><strong>credo,</strong></span> <span class='ocrx_word' id='word_1_234' title='bbox 725 2933 752 2971; x_wconf 85' lang='lat' dir='ltr'><strong>v.</strong></span> <span class='ocrx_word' id='word_1_235' title='bbox 776 2912 812 2970; x_wconf 89' lang='lat' dir='ltr'><strong>ad</strong></span> <span class='ocrx_word' id='word_1_236' title='bbox 841 2911 948 2989; x_wconf 87' lang='lat' dir='ltr'><strong>Amph.</strong></span> <span class='ocrx_word' id='word_1_237' title='bbox 975 2913 1021 2970; x_wconf 81' lang='lat'><strong>1⁷.</strong></span> <span class='ocrx_word' id='word_1_238' title='bbox 1054 2941 1094 2950; x_wconf 96' lang='lat'>—</span> <span class='ocrx_word' id='word_1_239' title='bbox 1127 2911 1199 2969; x_wconf 87' lang='grc'><strong>436.</strong></span> <span class='ocrx_word' id='word_1_240' title='bbox 1234 2907 1400 2968; x_wconf 75' lang='lat' dir='ltr'><strong>Adulescens</strong></span> 
     </span>
     <span class='ocr_line' id='line_1_25' title="bbox 297 3011 1399 3092; baseline -0.005 -22"><span class='ocrx_word' id='word_1_241' title='bbox 297 3013 434 3072; x_wconf 83' lang='lat' dir='ltr'><strong>turbatus</strong></span> <span class='ocrx_word' id='word_1_242' title='bbox 458 3013 558 3072; x_wconf 85' lang='lat' dir='ltr'><strong>eodem</strong></span> <span class='ocrx_word' id='word_1_243' title='bbox 582 3015 670 3073; x_wconf 89' lang='lat' dir='ltr'><strong>modo</strong></span> <span class='ocrx_word' id='word_1_244' title='bbox 692 3016 847 3074; x_wconf 73' lang='lat' dir='ltr'><strong>sententiis</strong></span> <span class='ocrx_word' id='word_1_245' title='bbox 871 3015 1045 3092; x_wconf 88' lang='lat' dir='ltr'><strong>interruptis</strong></span> <span class='ocrx_word' id='word_1_246' title='bbox 1062 3013 1142 3089; x_wconf 90' lang='lat' dir='ltr'><strong>loqui</strong></span> <span class='ocrx_word' id='word_1_247' title='bbox 1161 3012 1270 3089; x_wconf 79' lang='lat' dir='ltr'><strong>pergit.</strong></span> <span class='ocrx_word' id='word_1_248' title='bbox 1284 3040 1320 3050; x_wconf 97' lang='lat'>-</span> <span class='ocrx_word' id='word_1_249' title='bbox 1340 3011 1399 3067; x_wconf 81' lang='grc'><strong>438.</strong></span> 
     </span>
     <span class='ocr_line' id='line_1_26' title="bbox 301 3091 1401 3191; baseline -0.007 -17"><span class='ocrx_word' id='word_1_250' title='bbox 301 3110 398 3190; x_wconf 76' lang='lat' dir='ltr'><strong>stod,</strong></span> <span class='ocrx_word' id='word_1_251' title='bbox 422 3137 448 3176; x_wconf 86' lang='lat' dir='ltr'><strong>v.</strong></span> <span class='ocrx_word' id='word_1_252' title='bbox 473 3117 511 3175; x_wconf 86' lang='lat' dir='ltr'><strong>ad</strong></span> <span class='ocrx_word' id='word_1_253' title='bbox 534 3117 600 3176; x_wconf 88' lang='lat' dir='ltr'><strong>Aul.</strong></span> <span class='ocrx_word' id='word_1_254' title='bbox 626 3119 695 3178; x_wconf 75' lang='lat'><strong>252.</strong></span> <span class='ocrx_word' id='word_1_255' title='bbox 741 3117 807 3176; x_wconf 85' lang='lat' dir='ltr'><strong>Ter.</strong></span> <span class='ocrx_word' id='word_1_256' title='bbox 830 3115 924 3176; x_wconf 89' lang='lat' dir='ltr'><strong>Andr.</strong></span> <span class='ocrx_word' id='word_1_257' title='bbox 947 3117 1024 3175; x_wconf 79' lang='lat'>454:</span> <span class='ocrx_word' id='word_1_258' title='bbox 1063 3091 1160 3191; x_wconf 84' lang='lat' dir='ltr'><strong>„quod</strong></span> <span class='ocrx_word' id='word_1_259' title='bbox 1190 3115 1344 3173; x_wconf 88' lang='lat' dir='ltr'><strong>dicendum</strong></span> <span class='ocrx_word' id='word_1_260' title='bbox 1363 3111 1401 3168; x_wconf 89' lang='lat' dir='ltr'><strong>hic</strong></span> 
     </span>
     <span class='ocr_line' id='line_1_27' title="bbox 298 3215 1398 3296; baseline -0.004 -22"><span class='ocrx_word' id='word_1_261' title='bbox 298 3217 384 3276; x_wconf 82' lang='lat' dir='ltr'><strong>siet“.</strong></span> <span class='ocrx_word' id='word_1_262' title='bbox 410 3249 447 3260; x_wconf 89' lang='lat'>-</span> <span class='ocrx_word' id='word_1_263' title='bbox 478 3221 550 3279; x_wconf 83' lang='lat'><strong>439.</strong></span> <span class='ocrx_word' id='word_1_264' title='bbox 581 3219 677 3296; x_wconf 80' lang='lat' dir='ltr'><strong>Vulgo</strong></span> <span class='ocrx_word' id='word_1_265' title='bbox 701 3239 765 3278; x_wconf 88' lang='lat' dir='ltr'><strong>cnm</strong></span> <span class='ocrx_word' id='word_1_266' title='bbox 791 3219 875 3278; x_wconf 88' lang='lat' dir='ltr'><strong>codd.</strong></span> <span class='ocrx_word' id='word_1_267' title='bbox 900 3218 989 3278; x_wconf 83' lang='lat' dir='ltr'><strong>Pall:</strong></span> <span class='ocrx_word' id='word_1_268' title='bbox 1027 3218 1114 3292; x_wconf 82' lang='lat' dir='ltr'><strong>„Scin</strong></span> <span class='ocrx_word' id='word_1_269' title='bbox 1137 3217 1246 3295; x_wconf 81' lang='lat' dir='ltr'><strong>quarn?</strong></span> <span class='ocrx_word' id='word_1_270' title='bbox 1279 3215 1345 3274; x_wconf 88' lang='lat' dir='ltr'><strong>uide</strong></span> <span class='ocrx_word' id='word_1_271' title='bbox 1365 3223 1398 3272; x_wconf 85' lang='lat' dir='ltr'><strong>tn.</strong></span> 
     </span>
     <span class='ocr_line' id='line_1_28' title="bbox 298 3317 1401 3400; baseline -0.005 -20"><span class='ocrx_word' id='word_1_272' title='bbox 298 3321 400 3380; x_wconf 86' lang='lat' dir='ltr'><strong>credin</strong></span> <span class='ocrx_word' id='word_1_273' title='bbox 422 3321 501 3399; x_wconf 91' lang='lat' dir='ltr'><strong>quod</strong></span> <span class='ocrx_word' id='word_1_274' title='bbox 524 3343 578 3400; x_wconf 83' lang='lat' dir='ltr'><strong>ego</strong></span> <span class='ocrx_word' id='word_1_275' title='bbox 601 3319 757 3382; x_wconf 79' lang='lat' dir='ltr'><strong>fabuler?“</strong></span> <span class='ocrx_word' id='word_1_276' title='bbox 799 3321 856 3380; x_wconf 89' lang='lat' dir='ltr'><strong>Sed</strong></span> <span class='ocrx_word' id='word_1_277' title='bbox 880 3341 932 3380; x_wconf 88' lang='lat' dir='ltr'><strong>nec</strong></span> <span class='ocrx_word' id='word_1_278' title='bbox 957 3321 1045 3396; x_wconf 85' lang='lat' dir='ltr'><strong>„uide</strong></span> <span class='ocrx_word' id='word_1_279' title='bbox 1067 3317 1119 3380; x_wconf 86' lang='lat' dir='ltr'><strong>tn“</strong></span> <span class='ocrx_word' id='word_1_280' title='bbox 1139 3321 1211 3379; x_wconf 80' lang='lat' dir='ltr'><strong>terri</strong></span> <span class='ocrx_word' id='word_1_281' title='bbox 1230 3325 1336 3396; x_wconf 86' lang='lat' dir='ltr'><strong>potest,</strong></span> <span class='ocrx_word' id='word_1_282' title='bbox 1357 3338 1401 3375; x_wconf 89' lang='lat' dir='ltr'><strong>nec</strong></span> 
     </span>
     <span class='ocr_line' id='line_1_29' title="bbox 298 3421 1399 3498; baseline -0.005 -16"><span class='ocrx_word' id='word_1_283' title='bbox 298 3425 501 3484; x_wconf 76' lang='lat' dir='ltr'><strong>coniunctivae</strong></span> <span class='ocrx_word' id='word_1_284' title='bbox 527 3422 675 3498; x_wconf 84' lang='lat' dir='ltr'><strong>„fabuler“</strong></span> <span class='ocrx_word' id='word_1_285' title='bbox 701 3425 791 3486; x_wconf 87' lang='lat' dir='ltr'><strong>ullam</strong></span> <span class='ocrx_word' id='word_1_286' title='bbox 814 3428 960 3484; x_wconf 85' lang='lat' dir='ltr'><strong>rationem</strong></span> <span class='ocrx_word' id='word_1_287' title='bbox 988 3423 1091 3498; x_wconf 77' lang='lat' dir='ltr'><strong>hebet3</strong></span> <span class='ocrx_word' id='word_1_288' title='bbox 1124 3425 1148 3481; x_wconf 83' lang='lat' dir='ltr'><strong>ei</strong></span> <span class='ocrx_word' id='word_1_289' title='bbox 1177 3427 1274 3482; x_wconf 85' lang='lat' dir='ltr'><strong>autern</strong></span> <span class='ocrx_word' id='word_1_290' title='bbox 1306 3421 1399 3480; x_wconf 86' lang='lat' dir='ltr'><strong>indica·</strong></span> 
     </span>
     <span class='ocr_line' id='line_1_30' title="bbox 297 3523 1400 3606; baseline -0.003 -22"><span class='ocrx_word' id='word_1_291' title='bbox 297 3530 390 3586; x_wconf 81' lang='lat' dir='ltr'><strong>tirum</strong></span> <span class='ocrx_word' id='word_1_292' title='bbox 424 3547 563 3606; x_wconf 84' lang='lat' dir='ltr'><strong>reponas,</strong></span> <span class='ocrx_word' id='word_1_293' title='bbox 598 3531 747 3598; x_wconf 82' lang='lat' dir='ltr'><strong>sententia</strong></span> <span class='ocrx_word' id='word_1_294' title='bbox 781 3545 838 3586; x_wconf 89' lang='lat' dir='ltr'><strong>non</strong></span> <span class='ocrx_word' id='word_1_295' title='bbox 871 3530 963 3604; x_wconf 79' lang='lat' dir='ltr'><strong>magis</strong></span> <span class='ocrx_word' id='word_1_296' title='bbox 995 3527 1134 3604; x_wconf 79' lang='lat' dir='ltr'><strong>placebit.</strong></span> <span class='ocrx_word' id='word_1_297' title='bbox 1190 3523 1400 3601; x_wconf 85' lang='lat' dir='ltr'><strong>OpportuneA</strong></span> 
     </span>
     <span class='ocr_line' id='line_1_31' title="bbox 297 3623 1399 3710; baseline -0.005 -22"><span class='ocrx_word' id='word_1_298' title='bbox 297 3623 423 3690; x_wconf 78' lang='lat' dir='ltr'><strong>uidetur</strong></span> <span class='ocrx_word' id='word_1_299' title='bbox 451 3633 578 3707; x_wconf 74' lang='lat' dir='ltr'><strong>prebet,</strong></span> <span class='ocrx_word' id='word_1_300' title='bbox 607 3632 684 3690; x_wconf 86' lang='lat' dir='ltr'><strong>unde</strong></span> <span class='ocrx_word' id='word_1_301' title='bbox 706 3630 817 3710; x_wconf 83' lang='lat' dir='ltr'><strong>Gspp.:</strong></span> <span class='ocrx_word' id='word_1_302' title='bbox 857 3630 930 3704; x_wconf 78' lang='lat' dir='ltr'><strong>„ML</strong></span> <span class='ocrx_word' id='word_1_303' title='bbox 954 3629 1022 3688; x_wconf 86' lang='lat' dir='ltr'><strong>Scin</strong></span> <span class='ocrx_word' id='word_1_304' title='bbox 1050 3627 1158 3706; x_wconf 77' lang='lat' dir='ltr'><strong>qnam?</strong></span> <span class='ocrx_word' id='word_1_305' title='bbox 1192 3626 1254 3686; x_wconf 86' lang='lat' dir='ltr'><strong>AG.</strong></span> <span class='ocrx_word' id='word_1_306' title='bbox 1279 3627 1399 3687; x_wconf 85' lang='lat' dir='ltr'><strong>Uidetnr.</strong></span> 
     </span>
     <span class='ocr_line' id='line_1_32' title="bbox 297 3725 1401 3811; baseline -0.005 -19"><span class='ocrx_word' id='word_1_307' title='bbox 297 3732 417 3804; x_wconf 80' lang='lat' dir='ltr'><strong>Credin,</strong></span> <span class='ocrx_word' id='word_1_308' title='bbox 452 3733 531 3811; x_wconf 91' lang='lat' dir='ltr'><strong>quod</strong></span> <span class='ocrx_word' id='word_1_309' title='bbox 561 3751 616 3808; x_wconf 79' lang='lat' dir='ltr'><strong>ego</strong></span> <span class='ocrx_word' id='word_1_310' title='bbox 644 3731 799 3792; x_wconf 79' lang='lat' dir='ltr'><strong>fabuler?“</strong></span> <span class='ocrx_word' id='word_1_311' title='bbox 835 3733 895 3792; x_wconf 87' lang='lat' dir='ltr'><strong>illis</strong></span> <span class='ocrx_word' id='word_1_312' title='bbox 924 3733 1016 3791; x_wconf 90' lang='lat' dir='ltr'><strong>nihilo</strong></span> <span class='ocrx_word' id='word_1_313' title='bbox 1044 3733 1175 3790; x_wconf 82' lang='lat' dir='ltr'><strong>meliora.</strong></span> <span class='ocrx_word' id='word_1_314' title='bbox 1237 3730 1304 3805; x_wconf 84' lang='lat' dir='ltr'><strong>Ego</strong></span> <span class='ocrx_word' id='word_1_315' title='bbox 1333 3725 1401 3789; x_wconf 77' lang='lat' dir='ltr'><strong>cradi</strong></span> 
     </span>
     <span class='ocr_line' id='line_1_33' title="bbox 251 3829 1399 3913; baseline -0.002 -21"><span class='ocrx_word' id='word_1_316' title='bbox 251 3843 254 3849; x_wconf 90' lang='grc'><strong>’</strong></span> <span class='ocrx_word' id='word_1_317' title='bbox 298 3837 439 3913; x_wconf 82' lang='lat' dir='ltr'><strong>scriptum</strong></span> <span class='ocrx_word' id='word_1_318' title='bbox 468 3837 558 3894; x_wconf 86' lang='lat' dir='ltr'><strong>inisse</strong></span> <span class='ocrx_word' id='word_1_319' title='bbox 586 3843 673 3913; x_wconf 88' lang='lat' dir='ltr'><strong>puto,</strong></span> <span class='ocrx_word' id='word_1_320' title='bbox 707 3843 776 3913; x_wconf 88' lang='lat' dir='ltr'><strong>post</strong></span> <span class='ocrx_word' id='word_1_321' title='bbox 798 3829 873 3896; x_wconf 80' lang='lat' dir='ltr'><strong>Scin</strong></span> <span class='ocrx_word' id='word_1_322' title='bbox 902 3841 999 3895; x_wconf 85' lang='lat' dir='ltr'><strong>sutem</strong></span> <span class='ocrx_word' id='word_1_323' title='bbox 1030 3837 1206 3894; x_wconf 81' lang='lat' dir='ltr'><strong>sententiam</strong></span> <span class='ocrx_word' id='word_1_324' title='bbox 1228 3835 1399 3909; x_wconf 81' lang='lat' dir='ltr'><strong>interrumpi,</strong></span> 
     </span>
     <span class='ocr_line' id='line_1_34' title="bbox 298 3936 1400 4016; baseline -0.002 -20"><span class='ocrx_word' id='word_1_325' title='bbox 298 3939 377 4016; x_wconf 91' lang='lat' dir='ltr'><strong>quod</strong></span> <span class='ocrx_word' id='word_1_326' title='bbox 399 3937 524 4016; x_wconf 85' lang='lat' dir='ltr'><strong>Milphio</strong></span> <span class='ocrx_word' id='word_1_327' title='bbox 547 3945 632 4014; x_wconf 79' lang='lat' dir='ltr'><strong>gestu</strong></span> <span class='ocrx_word' id='word_1_328' title='bbox 650 3939 906 3999; x_wconf 83' lang='lat' dir='ltr'><strong>vehementissimo</strong></span> <span class='ocrx_word' id='word_1_329' title='bbox 924 3937 1136 4014; x_wconf 77' lang='lat' dir='ltr'><strong>significaverit</strong></span> <span class='ocrx_word' id='word_1_330' title='bbox 1152 3957 1182 3996; x_wconf 83' lang='lat' dir='ltr'><strong>se</strong></span> <span class='ocrx_word' id='word_1_331' title='bbox 1199 3936 1273 3996; x_wconf 88' lang='lat' dir='ltr'><strong>nihil</strong></span> <span class='ocrx_word' id='word_1_332' title='bbox 1291 3937 1400 4013; x_wconf 88' lang='lat' dir='ltr'><strong>amplius</strong></span> 
     </span>
     <span class='ocr_line' id='line_1_35' title="bbox 297 4033 1399 4120; baseline -0.005 -20"><span class='ocrx_word' id='word_1_333' title='bbox 297 4042 400 4101; x_wconf 82' lang='lat' dir='ltr'><strong>audire</strong></span> <span class='ocrx_word' id='word_1_334' title='bbox 429 4042 503 4100; x_wconf 86' lang='lat' dir='ltr'><strong>velle</strong></span> <span class='ocrx_word' id='word_1_335' title='bbox 533 4049 563 4100; x_wconf 91' lang='lat' dir='ltr'><strong>et</strong></span> <span class='ocrx_word' id='word_1_336' title='bbox 591 4043 673 4100; x_wconf 83' lang='lat' dir='ltr'><strong>abire</strong></span> <span class='ocrx_word' id='word_1_337' title='bbox 701 4049 839 4120; x_wconf 83' lang='lat' dir='ltr'><strong>paratum</strong></span> <span class='ocrx_word' id='word_1_338' title='bbox 867 4061 931 4102; x_wconf 87' lang='lat' dir='ltr'><strong>esse</strong></span> <span class='ocrx_word' id='word_1_339' title='bbox 961 4033 1067 4118; x_wconf 81' lang='lat'>(440);</span> <span class='ocrx_word' id='word_1_340' title='bbox 1102 4041 1179 4100; x_wconf 82' lang='lat' dir='ltr'><strong>unde¹</strong></span> <span class='ocrx_word' id='word_1_341' title='bbox 1207 4040 1399 4114; x_wconf 80' lang='lat' dir='ltr'><strong>Agorastocles</strong></span> 
     </span>
     <span class='ocr_line' id='line_1_36' title="bbox 297 4137 1398 4224; baseline -0.004 -20"><span class='ocrx_word' id='word_1_342' title='bbox 297 4147 434 4222; x_wconf 85' lang='lat' dir='ltr'><strong>queritur</strong></span> <span class='ocrx_word' id='word_1_343' title='bbox 455 4165 559 4224; x_wconf 87' lang='lat' dir='ltr'><strong>parum</strong></span> <span class='ocrx_word' id='word_1_344' title='bbox 583 4145 639 4203; x_wconf 88' lang='lat' dir='ltr'><strong>sibi</strong></span> <span class='ocrx_word' id='word_1_345' title='bbox 661 4145 751 4204; x_wconf 90' lang='lat' dir='ltr'><strong>credi.</strong></span> <span class='ocrx_word' id='word_1_346' title='bbox 765 4173 806 4184; x_wconf 91' lang='lat'><em>-</em></span> <span class='ocrx_word' id='word_1_347' title='bbox 824 4145 882 4204; x_wconf 87' lang='grc'><strong>441</strong></span> <span class='ocrx_word' id='word_1_348' title='bbox 902 4165 946 4222; x_wconf 86' lang='lat' dir='ltr'><strong>sq.</strong></span> <span class='ocrx_word' id='word_1_349' title='bbox 974 4137 1113 4219; x_wconf 78' lang='lat' dir='ltr'><strong>„Oedipo</strong></span> <span class='ocrx_word' id='word_1_350' title='bbox 1136 4143 1260 4202; x_wconf 82' lang='lat' dir='ltr'><strong>Plautus</strong></span> <span class='ocrx_word' id='word_1_351' title='bbox 1285 4143 1398 4200; x_wconf 79' lang='lat' dir='ltr'><strong>ablativo</strong></span> 
     </span>
     <span class='ocr_line' id='line_1_37' title="bbox 298 4243 1398 4325; baseline -0.005 -17"><span class='ocrx_word' id='word_1_352' title='bbox 298 4270 366 4308; x_wconf 84' lang='lat' dir='ltr'><strong>casu</strong></span> <span class='ocrx_word' id='word_1_353' title='bbox 394 4267 449 4325; x_wconf 88' lang='lat' dir='ltr'><strong>pro</strong></span> <span class='ocrx_word' id='word_1_354' title='bbox 467 4247 619 4325; x_wconf 88' lang='lat' dir='ltr'><strong>Oedipode</strong></span> <span class='ocrx_word' id='word_1_355' title='bbox 639 4251 669 4307; x_wconf 92' lang='lat' dir='ltr'><strong>in</strong></span> <span class='ocrx_word' id='word_1_356' title='bbox 687 4243 838 4306; x_wconf 83' lang='lat' dir='ltr'><strong>Poenulo“</strong></span> <span class='ocrx_word' id='word_1_357' title='bbox 855 4247 996 4308; x_wconf 77' lang='lat' dir='ltr'><strong>Priscian.</strong></span> <span class='ocrx_word' id='word_1_358' title='bbox 1016 4245 1054 4304; x_wconf 89' lang='lat' dir='ltr'><strong>VI</strong></span> <span class='ocrx_word' id='word_1_359' title='bbox 1077 4265 1106 4323; x_wconf 90' lang='lat' dir='ltr'><strong>p.</strong></span> <span class='ocrx_word' id='word_1_360' title='bbox 1129 4247 1189 4305; x_wconf 72' lang='lat'><strong>720</strong></span> <span class='ocrx_word' id='word_1_361' title='bbox 1213 4245 1258 4304; x_wconf 86' lang='lat' dir='ltr'><strong>his</strong></span> <span class='ocrx_word' id='word_1_362' title='bbox 1283 4247 1398 4304; x_wconf 78' lang='lat' dir='ltr'><strong>versibus</strong></span> 
     </span>
     <span class='ocr_line' id='line_1_38' title="bbox 298 4349 1397 4428; baseline -0.004 -18"><span class='ocrx_word' id='word_1_363' title='bbox 298 4353 404 4410; x_wconf 79' lang='lat' dir='ltr'><strong>allatis.</strong></span> <span class='ocrx_word' id='word_1_364' title='bbox 449 4352 528 4410; x_wconf 88' lang='lat' dir='ltr'><strong>Ante</strong></span> <span class='ocrx_word' id='word_1_365' title='bbox 553 4349 702 4427; x_wconf 84' lang='lat' dir='ltr'><strong>„Oedipo“</strong></span> <span class='ocrx_word' id='word_1_366' title='bbox 728 4350 835 4424; x_wconf 83' lang='lat' dir='ltr'><strong>hiatus,</strong></span> <span class='ocrx_word' id='word_1_367' title='bbox 866 4350 902 4409; x_wconf 85' lang='lat' dir='ltr'><strong>cl.</strong></span> <span class='ocrx_word' id='word_1_368' title='bbox 927 4349 1042 4426; x_wconf 80' lang='lat' dir='ltr'><strong>Prolsg.</strong></span> <span class='ocrx_word' id='word_1_369' title='bbox 1060 4365 1095 4426; x_wconf 84' lang='lat' dir='ltr'><strong>p.</strong></span> <span class='ocrx_word' id='word_1_370' title='bbox 1122 4350 1196 4422; x_wconf 77' lang='lat'>1833</span> <span class='ocrx_word' id='word_1_371' title='bbox 1226 4351 1256 4407; x_wconf 92' lang='lat' dir='ltr'><strong>in</strong></span> <span class='ocrx_word' id='word_1_372' title='bbox 1280 4349 1397 4428; x_wconf 83' lang='lat' dir='ltr'><strong>proximo</strong></span> 
     </span>
    </p>
   </div>
   <div class='ocr_carea' id='block_1_3' title="bbox 0 0 1496 5013">
    <p class='ocr_par' dir='ltr' id='par_1_3' title="bbox 0 0 1496 5013">
     <span class='ocr_line' id='line_1_39' title="bbox 0 0 1496 5013; baseline 0 0"><span class='ocrx_word' id='word_1_373' title='bbox 0 0 1496 5013; x_wconf 95' lang='lat' dir='ltr'><strong> </strong></span> 
     </span>
    </p>
   </div>
  </div>
 </body>
</html>
