2954 5002
229 457 272 516 90
747 447 839 503 Plauti
1140 447 1187 515 IV,
1206 449 1233 516 ’1,
1252 448 1367 502 32-45

722 636 854 702 Ballio

228 745 343 812 Uenus
368 745 445 810 mihi
468 745 550 810 haec
573 745 661 812 bona
683 746 755 824 dat,
786 767 884 829 quom
907 745 965 810 hos
988 744 1051 809 hue
1073 744 1177 826 adigit
1287 763 1366 816 1135
1474 755 1475 808 1

227 851 436 936 anriiugas,
465 855 576 920 damni
599 855 750 939 cupidos,
782 854 895 937 quise
919 873 1075 934 suamque
1102 861 1245 919 aetatem
1269 855 1364 920 bene

996 969 1120 1040 curant,

229 1069 349 1148 Edunt,
372 1069 498 1148 bibunt,
523 1077 719 1134 scortantur.
765 1069 817 1134 Illi
840 1076 918 1134 sunt
940 1068 1005 1134 alio
1027 1070 1157 1150 ingenio
1180 1079 1282 1154 atque
1305 1080 1362 1146 tu,

226 1177 292 1255 Qui
314 1199 419 1261 neque
441 1177 503 1242 tibi
520 1177 602 1242 bene
626 1199 697 1243 esse
719 1186 832 1262 patere
857 1177 976 1242 stillis
999 1176 1118 1260 quibus
1141 1185 1190 1243 est
1211 1179 1359 1244 inuides.

708 1309 872 1388 Harpax

226 1417 328 1495 Heus,
352 1418 408 1481 ubi
431 1417 510 1482 estis
534 1418 616 1481 uos?

722 1525 861 1590 Ballio

488 1631 551 1698 Hie
573 1634 707 1716 quidem
730 1633 772 1699 ad
795 1654 845 1697 me
868 1640 959 1700 recta
981 1632 1080 1698 habai
1102 1641 1227 1698 rectam
1251 1595 1353 1697 uiarn.

700 1756 879 1841 [Harpax

227 1867 326 1946 Heus,
348 1867 404 1931 ubi
428 1867 507 1932 estis
530 1867 614 1932 uos?

721 1973 860 2038 Ballio

453 2081 552 2159 Heus,
576 2081 777 2160 adulescens,
802 2083 882 2166 quid
904 2083 979 2147 istic
1001 2081 1138 2148 debetur
1159 2079 1257 2163 sibir]
1283 2102 1356 2152 1140

226 2191 316 2256 Bene
336 2211 394 2273 ego
412 2189 453 2254 ab
472 2189 533 2255 hoc
551 2189 730 2274 praedatus
747 2191 817 2269 ib0;
840 2191 927 2269 noui,
950 2191 1036 2256 bona
1054 2198 1173 2255 scaeua
1189 2197 1241 2255 est
1259 2191 1353 2254 mihi.

706 2310 870 2392 Harpax

720 2480 856 2546 Ballio

431 2589 529 2666 Hane,
554 2589 769 2673 chlamydate.
793 2589 872 2674 quid
895 2589 971 2654 istic
994 2587 1133 2653 debetur
1156 2589 1239 2654 tibi?

705 2708 789 2772 Har
823 2729 871 2773 ax

226 2815 364 2880 Aedium
388 2817 555 2882 dominum
578 2818 727 2882 lenonem
751 2729 931 2882 BaHionem
954 2817 1114 2900 quaerito.

720 2936 854 3002 Ballio

226 3043 380 3125 Quisquis
404 3065 448 3122 es,
473 3044 674 3122 adulescens,
697 3066 831 3128 operam
853 3043 905 3110 fac
928 3044 1088 3128 conpendi
1110 3061 1276 3127 quaerere.¹

706 3163 871 3246 Harpax

717 3336 856 3400 Ballio

339 3439 422 3517 Quia
443 3449 480 3506 tu
502 3444 591 3526 ipsus
614 3445 721 3527 ipsum
746 3465 900 3526 praesens
922 3452 1127 3527 praesentem
1149 3442 1250 3507 uides.
1282 3461 1350 3512 1145

226 2396 347 2477 Ecquis
371 2395 432 2462 hoc
455 2396 583 2479 aperit?

227 3247 315 3324 Quid
337 3249 425 3313 iam?

704 3569 786 3634 Har
793 3589 870 3652 pax

224 3651 316 3716 Tune
339 3654 368 3717 is
392 3653 450 3718 es?

730 3739 835 3804 Simo
1046 3816 1048 3824 y

500 3845 724 3931 Ghlamydate,
748 3869 828 3912 caue
852 3848 896 3912 sis
919 3847 980 3911 tibi
1002 3868 1023 3912 a
1045 3867 1144 3912 curuo
1167 3844 1346 3911 infortunio

225 3954 334 4038 Atque
357 3955 391 4018 in
414 3954 499 4019 hunc
521 3955 654 4021 intende
678 3956 829 4036 digitum
854 3955 905 4019 hic
928 3955 1001 4020 leno
1026 3961 1084 4020 est.

226 4092 261 4099 ..-

295 4159 361 4211 1135
379 4159 428 4212 dai
446 4164 476 4212 at
493 4157 547 4213 Bc
650 4161 783 4212 1139—40
799 4173 980 4226 personarum
997 4165 1067 4214 uota
1085 4175 1134 4214 cm.
1238 4162 1302 4211 1141
1324 4161 1347 4212 si

224 4242 299 4296 bono
319 4244 347 4296 ni
412 4243 554 4296 11431111.
578 4259 626 4298 cm.
691 4245 757 4297 1145
775 4249 803 4297 is
820 4245 897 4312 ipsus
917 4260 1010 4298 coram
1028 4242 1227 4314 praeseusBG
1280 4245 1348 4297 1146

226 4327 270 4380 SI.
292 4343 341 4382 orn.
361 4327 383 4380 0
451 4329 528 4382 curio
547 4327 600 4384 BC
668 4329 824 4384 infortunia
842 4329 867 4382 A
