2938 4998
74 459 104 528 V,
122 463 145 528 6,
159 435 300 516 Ι105-121
559 462 707 517 Poenulus.

488 651 784 734 Agorastocles

73 759 269 842 Ampsigura
290 767 396 825 mater
419 759 498 824 mihi
521 759 592 836 fuit,
616 759 739 825 laohon
762 765 864 844 pater.

562 900 703 966 Hanno

71 1009 202 1074 Patrem
226 1017 326 1094 atque
350 1015 488 1074 matrem
511 1011 659 1074 uiuerent
682 1007 799 1074 uellem
823 1007 893 1072 tibi.

482 1151 781 1234 Agorastocles

72 1237 119 1300 An
143 1239 266 1302 mortui
290 1238 388 1304 sunt?

567 1343 703 1410 Hanno

431 1453 577 1531 Factum,
600 1453 687 1534 quod
711 1473 765 1535 epo
789 1473 887 1535 aegre
909 1453 1001 1530 tuli.

73 1560 156 1624 Nam
180 1560 262 1625 mihi
286 1561 418 1626 sobrina
441 1561 639 1644 Ampsigura
661 1569 720 1626 tua
742 1560 939 1626 materfuit.

71 1665 171 1732 Pater
195 1675 273 1732 tuus
297 1676 370 1733 erat
390 1667 495 1734 frater
518 1669 677 1752 patruelis
700 1690 801 1750 meus,

71 1774 113 1838 Et
136 1775 165 1839 is
188 1797 241 1840 me
264 1775 418 1842 heredem
441 1776 528 1856 feeit,
551 1797 649 1859 quom
670 1798 764 1842 suum
788 1775 858 1841 obit
880 1776 976 1853 diem,

74 1881 143 1958 Quo
168 1903 222 1948 me
244 1885 410 1967 priuatum
434 1905 529 1968 aegre
552 1886 661 1968 patior
683 1889 821 1950 mortuo.

74 1989 134 2056 Sed
159 1992 189 2056 si
211 1993 260 2056 ita
283 1998 343 2070 est,
366 1997 403 2056 ut
424 1999 463 2056 tu
485 1992 529 2058 sis
553 1991 704 2056 Iaohonie
727 1991 824 2071 filius,

74 2097 210 2182 Signum
232 2119 304 2166 esee
327 2105 458 2183 oportet
480 2100 513 2164 in
536 2119 636 2164 manu
659 2100 757 2164 laeua
778 2099 848 2178 tibi,

73 2205 216 2272 Ludenti
238 2228 339 2292 puero
362 2206 452 2291 quod
475 2207 649 2272 memordit
672 2208 776 2273 simia.

75 2311 236 2395 [Ostende
258 2315 278 2396 †
300 2316 414 2398 inspici
438 2317 503 2380 iem
526 2316 617 2398 aperi
640 2315 819 2399 audiatque
843 2313 945 2397 ades]

490 2452 783 2534 Agorastocles

76 2535 120 2600 Mi
142 2543 271 2621 patrue,
296 2537 397 2602 salue.

566 2645 707 2711 Hanno

456 2753 499 2818 Et
520 2759 558 2818 tn
580 2754 671 2819 salue
695 2752 934 2837 Agorastocles.

75 2860 197 2927 Iterum
221 2861 299 2928 mihi
321 2868 439 2944 gnatus
462 2860 587 2940 uideor,
610 2881 709 2945 quom
732 2867 765 2925 te
787 2861 926 2945 repperi.

493 2965 494 2972 ἵ
548 2979 719 3064 Milphio

76 3086 134 3153 Pol
156 3090 254 3155 istam
275 3111 345 3155 rem
365 3087 460 3156 uobis
483 3088 565 3154 bena
588 3089 738 3154 euenisse
760 3087 897 3171 gaudee.

77 3194 140 3260 Sed
164 3203 198 3262 te
221 3199 345 3263 moneri
366 3217 444 3262 num
466 3197 584 3262 nouis?

564 3315 708 3380 Hanno
742 3337 746 3346 “

625 3423 709 3489 Sane
732 3421 817 3488 uolo.

555 3542 726 3626 Milphio

80 3649 219 3720 Paterna
242 3657 373 3737 oportet
395 3650 489 3716 reddi
511 3649 578 3715 filio
601 3651 695 3716 bona.

79 3760 224 3845 Aequom
247 3759 440 3826 esthabere
462 3760 549 3824 huno
572 3760 668 3838 bona,
692 3779 777 3842 quae
799 3757 947 3841 possedit
968 3764 1072 3840 pater.

146 3997 212 4052 1062
229 3997 381 4066 Amsigura
400 3996 422 4050 O
501 3995 553 4050 fuit
571 3997 639 4049 mihi
657 3996 683 4048 A
766 3995 858 4049 Hiaon
875 3994 910 4062 A,
930 3993 998 4046 ihon
1016 3992 1043 4044 Β
1130 3993 1198 4045 1064

81 4097 131 4152 ego
148 4099 198 4140 om.
270 4085 336 4138 1066
354 4099 520 4152 ampsagura
538 4079 565 4135 B
636 4083 701 4135 1066
719 4087 784 4135 tuus
801 4081 825 4132 ie
844 4084 903 4133 erat
974 4079 1042 4132 1067
1059 4075 1096 4130 Et
1113 4075 1157 4130 his
1171 4075 1199 4130 B

144 4167 216 4222 obiit
294 4169 361 4222 1068
378 4184 462 4237 agrae
480 4165 508 4220 B
593 4167 658 4219 1069
674 4165 786 4219 iahonis
804 4163 831 4217 B
920 4165 984 4217 1071
1003 4161 1155 4215 momordit
1172 4161 1199 4214 B

82 4255 144 4307 1074
162 4253 236 4308 Item
255 4252 278 4308 0
365 4269 421 4322 qno
440 4270 456 4306 1
476 4251 504 4320 0,
523 4267 578 4321 quo
597 4257 626 4305 at
643 4250 671 4304 B
764 4251 828 4304 1076
846 4248 884 4302 Et
970 4264 1037 4302 num
1055 4263 1099 4300 me
1117 4247 1159 4300 uis
1179 4246 1201 4301 O

83 4340 145 4393 1079
163 4343 290 4408 Aequom
309 4339 332 4392 si
1194 4327 1199 4348 ⁴
