2982 5020
140 427 142 434 y
254 467 316 527 360
740 460 889 515 Poenulus.
947 459 952 467 '

253 655 322 715 inde
355 677 372 715 e
408 657 488 716 1352
524 655 560 714 ed
597 657 677 715 1395
711 655 794 714 uncis
829 655 946 714 inclusi.
1007 653 1083 714 Nem
1116 661 1151 714 ut
1183 656 1213 713 in
1245 655 1369 714 Terentii

254 757 384 830 Andris,
418 761 461 816 ite
489 761 520 817 iu
554 758 655 816 Plauti
684 755 815 816 Poenulo
849 756 959 835 duplex
995 757 1103 833 legitur
1132 757 1238 816 lebulae
1269 759 1368 830 exitus,

253 881 377 939 quorum
400 861 525 919 alterum
549 867 668 920 tentum
685 861 843 934 genuinum
868 881 931 919 esse
948 859 1036 918 facile
1058 865 1194 938 epperet,
1218 881 1244 919 u.
1263 857 1368 917 Ritsch.

254 963 375 1037 Pererg.
409 982 439 1039 p.
470 965 529 1022 584
561 983 625 1040 sqq.
681 962 722 1020 Et
755 961 942 1021 Camerarius
975 961 1096 1040 quidem
1130 981 1177 1021 vv.
1205 963 1279 1020 1369
1307 981 1369 1038 sqq.

254 1073 287 1126 ut
320 1067 490 1144 suppositos
524 1067 644 1124 omnino
684 1065 805 1136 abiecit3
846 1067 1043 1124 recentiorum
1082 1066 1198 1124 cautius
1235 1064 1371 1123 iudicium

253 1171 326 1240 luit,
372 1171 498 1227 mexirne
540 1173 698 1244 postquem
741 1173 874 1228 extreme
914 1167 967 1224 ills
1005 1167 1093 1226 etism
1132 1169 1163 1225 in
1201 1168 1227 1224 A
1266 1169 1372 1242 scripte

253 1272 343 1330 fnisse
368 1271 605 1330 animadversum
623 1277 678 1328 est.
723 1269 873 1328 Lomeuus
891 1269 1010 1346 quidem
1030 1267 1172 1346 (Specim.
1191 1271 1254 1327 crit.
1271 1289 1298 1346 p.
1318 1262 1370 1342 57)

254 1375 367 1434 nullam
391 1392 507 1432 causam
531 1371 621 1442 vidit,
651 1391 703 1429 cur
731 1371 794 1430 haec
815 1373 916 1449 potius
940 1391 1028 1450 quem
1051 1372 1104 1430 ille
1126 1392 1143 1431 e
1166 1371 1272 1430 Plauto
1292 1372 1372 1430 abiu·

254 1477 443 1549 dicerentur;
473 1474 648 1533 Theodorus
672 1473 790 1552 Hesper
813 1481 910 1532 sutem
935 1469 986 1551 (de
1010 1475 1122 1553 duplici
1145 1474 1265 1533 Poenuli
1285 1475 1372 1546 exitu,

254 1579 360 1638 Annei.
390 1576 493 1657 philol.
523 1578 581 1636 vol.
611 1577 755 1654 supplem.
779 1577 803 1635 V
832 1597 861 1654 p.
887 1579 947 1638 279
971 1573 1050 1656 sqq.)
1080 1583 1240 1654 utrumque
1266 1579 1373 1635 exitum

256 1683 410 1758 entiqunm
434 1699 497 1740 esse
525 1682 644 1750 statuit,
674 1699 776 1738 verum
800 1681 1012 1757 posteriorem,
1042 1701 1110 1740 ar.
1137 1682 1232 1754 1369,
1261 1700 1317 1738 nou
1339 1679 1375 1736 eb

255 1785 318 1861 ipso
337 1783 444 1842 Pluuio
462 1784 659 1860 compositum
672 1801 743 1854 esse,
757 1781 809 1840 sed
827 1782 863 1840 sb
882 1785 1037 1842 imitetcre
1054 1783 1163 1860 aliquo,
1177 1786 1228 1860 qui
1244 1783 1375 1860 genuinis

258 1887 423 1946 1320-68
442 1885 504 1944 hec
527 1884 691 1943 substitute
708 1885 807 1943 vellet.
852 1883 911 1944 Sed
928 1887 959 1944 in
979 1887 1026 1958 iis,
1050 1905 1116 1963 quae
1134 1889 1263 1961 genuine
1279 1886 1374 1956 hebet,

255 2009 302 2048 vv.
330 1991 495 2048 1352-56
525 1995 572 2047 tot
599 1989 721 2065 ineptiis
751 1986 918 2060 ebuudent,
954 1995 988 2048 ut
1022 1991 1188 2047 uecesseric
1221 1987 1375 2047 damnandi

255 2095 323 2157 sint,
355 2092 390 2149 eb
413 2093 451 2148 iis
474 2097 572 2148 eutem
595 2091 730 2167 proxime
753 2091 790 2148 ed
816 2091 896 2149 1308
921 2091 1022 2150 divelli
1045 2113 1103 2151 non
1126 2097 1258 2170 possunt.
1302 2091 1376 2162 Quid

256 2213 326 2271 ergo
350 2192 535 2264 dubitemus,
560 2193 631 2269 quin
655 2195 739 2270 prior
761 2193 858 2252 exitus
881 2196 1000 2270 spurius
1022 2199 1076 2266 sit,
1103 2196 1269 2272 presertim
1290 2213 1377 2271 quum
1476 2241 1477 2248 ,

255 2297 379 2356 senariis
401 2296 441 2352 sit
459 2295 598 2371 scriptus,
623 2315 682 2371 quo
701 2315 824 2354 numero
843 2298 1025 2373 posteriores
1044 2296 1106 2355 lere
1125 2297 1189 2354 solo
1208 2296 1376 2370 utebantur,
1476 2299 1477 2340 l

256 2419 314 2458 uon
344 2398 534 2475 septenariis,
569 2399 679 2474 quibus
706 2397 806 2456 Plauti
829 2397 951 2470 subules,
983 2405 1086 2478 utpote
1110 2405 1264 2457 centorum
1286 2397 1377 2456 modis
1476 2431 1477 2442 κ

256 2501 390 2580 explete,
403 2503 560 2560 terminari
577 2499 697 2559 solent?
732 2500 788 2572 Qui
806 2519 878 2560 vero
894 2507 1059 2578 sequuntur
1071 2503 1189 2577 senarii,
1207 2502 1376 2570 1369-94,

255 2624 344 2682 quum
374 2623 433 2662 non
462 2604 499 2662 eb
529 2603 631 2662 eodem
661 2609 782 2662 sectore
812 2605 969 2680 compositi
997 2606 1075 2677 siut,
1110 2611 1175 2662 tum
1205 2623 1264 2661 non
1287 2603 1378 2662 minus

255 2708 349 2785 spurii
373 2712 457 2778 sunt;
491 2709 552 2765 sive
582 2708 660 2765 enim
690 2711 790 2765 versui
816 2708 895 2766 1319
931 2709 992 2766 siue
1019 2709 1099 2766 1327
1130 2713 1182 2764 eut
1210 2705 1262 2764 elii
1290 2705 1378 2764 cuiuis

255 2831 305 2870 eos
329 2809 486 2868 adnectere
510 2813 635 2880 coneris,
660 2829 713 2868 uec
736 2811 766 2867 in
786 2809 1012 2884 Agorastoclem
1031 2811 1171 2868 conuenit
1189 2815 1249 2867 tem
1267 2807 1379 2886 placide

256 2912 400 2990 loquendi
429 2913 522 2984 ratio,
558 2933 610 2970 nec
640 2912 754 2970 lenonis
788 2913 868 2971 idem
900 2913 1051 2989 ingenium
1084 2917 1130 2970 est
1163 2917 1253 2988 etque
1287 2919 1377 2969 entes.
1475 2907 1476 2910 ’

255 3015 387 3074 Trochoei
411 3021 521 3088 eutem,
545 3017 596 3092 qui
619 3035 636 3071 e
657 3035 685 3074 v.
708 3016 787 3074 1395
806 3015 961 3091 incipiunt,
984 3021 1094 3093 prester
1117 3033 1166 3072 eos
1188 3033 1292 3074 versus
1309 3031 1378 3090 quos

255 3119 372 3191 seclusi,
400 3118 479 3176 1400
503 3121 533 3176 et
558 3117 734 3190 1406-10,
758 3137 812 3176 nec
836 3117 1006 3176 offensionis
1031 3115 1194 3193 quidquem
1219 3115 1331 3174 hebent
1352 3119 1379 3172 et

257 3223 422 3296 legitimum
447 3239 480 3278 ec
503 3239 572 3278 vere
595 3218 765 3278 Plautinum
789 3219 895 3278 fabulas
920 3221 1031 3278 exitum
1054 3219 1195 3278 reddunt.

344 3323 434 3382 1353.
457 3314 506 3380 Ite
528 3317 627 3398 ipitur
648 3315 744 3392 intre,
769 3342 828 3398 qus
851 3322 887 3380 de
910 3319 1020 3380 cause?
1042 3351 1078 3362 -
1103 3323 1193 3382 1354.
1219 3315 1379 3396 desponde,

256 3427 329 3503 quid
360 3444 434 3501 opus
457 3429 503 3482 est
530 3425 635 3482 iterari
664 3443 729 3500 quus
758 3425 892 3483 sollemni
914 3443 997 3484 more
1020 3424 1191 3484 factasunt
1216 3425 1297 3483 1133
1321 3443 1379 3499 sq.;

256 3529 308 3587 sed
332 3532 362 3587 in
385 3526 531 3586 eiusmodi
555 3527 786 3604 repetitionibus
804 3527 860 3585 sibi
883 3528 983 3604 placet
1005 3527 1212 3606 interpoletur,
1237 3546 1264 3584 v.
1292 3513 1378 3585 1970.

256 3663 298 3672 -
318 3633 408 3690 1355.
427 3623 592 3689 benenate.
628 3629 701 3688 Vale
720 3630 838 3688 dicendi
857 3651 973 3689 ceusem
986 3649 1064 3706 segre
1077 3632 1221 3688 invenies.
1240 3657 1279 3668 -
1301 3629 1378 3688 1356

256 3736 330 3793 mele
359 3753 425 3791 cum
457 3733 536 3791 1346
561 3739 591 3790 et
614 3733 653 3791 49
678 3735 828 3804 convenit,
860 3733 912 3792 ubi
940 3733 1025 3790 miles
1054 3752 1086 3790 se
1114 3733 1252 3791 lenonem
1284 3734 1314 3791 in
1338 3735 1379 3788 ius

256 3838 415 3896 ducturum
437 3832 534 3894 dixit?
590 3829 661 3908 hoc,
695 3835 775 3912 quod
805 3855 860 3912 pro
889 3838 1015 3912 pignore
1039 3839 1119 3913 cepit
1147 3835 1242 3906 [2833
1279 3833 1377 3892 Lomb.

259 3935 372 4014 „hunc“
399 3937 527 4013 scripsit,
551 3937 665 4014 Hesper
691 3936 804 4010 „hcic“.
825 3967 864 3977 -
891 3939 981 3997 1357.
1006 3951 1107 4013 quom,
1130 3937 1323 4013 quodetiam
1346 3935 1379 3994 eb
1474 3935 1475 3942 ’

256 4045 282 4102 Α
305 4044 399 4113 abest,
424 4039 491 4098 edd.
512 4039 618 4100 Douse.
664 4039 738 4098 Tum
763 4039 880 4098 demum
904 4059 968 4098 eum
993 4041 1107 4118 perisse
1129 4038 1213 4112 dicit,
1237 4059 1329 4114 quum
1353 4040 1379 4094 in

256 4147 302 4203 ius
331 4145 455 4202 venerit.
488 4171 524 4182 -
560 4143 650 4201 1359.
685 4137 838 4217 simplum
870 4162 926 4220 pro
957 4143 1049 4219 duplo
1083 4143 1173 4200 1348.
1204 4169 1246 4179 -
1292 4143 1377 4200 1301.

257 4241 428 4320 Tantisper
461 4238 587 4322 quidem
616 4251 702 4318 cett,
737 4265 772 4304 ea
801 4244 924 4322 quidem
953 4245 1139 4318 condicione,
1174 4249 1208 4302 ut
1234 4245 1379 4321 tantisper

256 4349 337 4425 apud
360 4367 405 4406 me
428 4347 529 4407 codice
554 4339 666 4424 (1150)
690 4351 807 4407 vinctus
830 4349 880 4406 sis.
904 4377 946 4388 -
972 4349 1062 4406 1363.
1091 4341 1173 4405 hunc
1195 4351 1378 4422 correptum
