2982 5000
274 475 336 538 228
756 467 920 526 Pseudolus.

272 685 332 724 non
350 669 467 740 petrem
485 665 590 740 solum,
610 665 771 726 sedetiam
789 671 913 724 matrem
932 663 1097 726 defraudes.
1144 659 1286 726 Pietatis
1306 679 1414 729 caetea.

273 765 349 824 ἕνεκα
370 769 414 838 τῆς
436 767 585 842 υύσιβὼς,
618 767 654 826 cl.
679 765 717 826 ed
739 765 829 844 Epid.
853 769 925 826 677.
975 767 1053 826 Mire
1081 765 1231 846 Lmesig.
1263 775 1297 828 et
1331 769 1413 828 nris

273 869 349 928 Anu.
373 869 447 948 phil.
471 869 549 930 CXV
570 889 600 948 p.
626 870 703 928 328:
740 889 795 944 „ue
823 877 918 930 meter
947 871 1032 947 queri
1059 872 1155 949 possit
1181 873 1226 930 sni
1258 875 1414 930 minorem

276 973 420 1034 rationem
442 971 574 1032 habitem
598 991 662 1030 esse
686 991 774 1050 quem
798 969 929 1050 petris“;
968 993 1006 1032 es
1033 993 1094 1032 non
1116 974 1213 1050 pietus
1242 981 1331 1033 esset
1363 973 1413 1032 sed

274 1077 441 1152 aequelitss,
477 1095 530 1134 nec
559 1075 629 1134 telis
658 1075 754 1134 ironis
783 1073 831 1134 hic
858 1075 956 1134 locum
985 1075 1116 1136 heberet.
1174 1069 1228 1136 De
1255 1071 1355 1144 istac,
1372 1091 1415 1136 re.

274 1177 356 1254 quod
379 1177 417 1236 ed
439 1179 583 1258 pictatem
607 1179 730 1248 attinet,
765 1175 929 1236 Pseudolus
959 1197 1025 1238 eum
1052 1197 1189 1238 securum
1217 1199 1283 1238 esse
1316 1179 1412 1250 iubet,

272 1280 332 1338 vid.
356 1280 442 1340 infre.
488 1281 551 1342 Hoc
573 1299 634 1340 nou
655 1279 807 1338 intellecto
826 1279 912 1340 Both.
931 1299 959 1340 v.
981 1282 1039 1339 122
1063 1283 1198 1358 proximo
1219 1283 1413 1360 postposuit,

273 1401 399 1460 eumque
428 1386 523 1442 secuti
546 1381 581 1444 R.
615 1383 658 1456 „si
687 1381 745 1440 hou
768 1380 909 1458 potes?“,
938 1383 1007 1442 Lor.
1031 1401 1097 1442 cum
1121 1381 1294 1459 Seyffertio:
1339 1385 1413 1460 „qni

272 1483 409 1562 potee?“‚
442 1484 530 1544 Leve
556 1487 626 1562 ,qui
650 1481 790 1561 potest?“
826 1487 1018 1563 scripserunt.
1046 1515 1085 1528 ·-
1121 1487 1191 1544 124.
1214 1485 1352 1546 Securos
1382 1488 1412 1542 in

271 1593 370 1646 utrem
382 1587 494 1648 vellent
506 1607 606 1648 eurem
619 1587 748 1646 dormire
762 1607 849 1664 posse
866 1587 1015 1660 dicebant,
1035 1587 1077 1645 ἐπ’
1094 1587 1232 1666 ἀμφότερα
1246 1589 1412 1654 καθεύδειν,

273 1689 308 1748 ul.
332 1689 472 1750 Menuud.
495 1693 531 1750 fr.
557 1690 686 1750 Plocion.
714 1693 744 1749 1:
778 1689 835 1748 ’En'
860 1690 999 1766 ἀμφότερα
1027 1695 1074 1749 νῦν
1102 1691 1118 1761 ἦ
1144 1691 1285 1766 ’πίκληρος
1314 1694 1410 1766 μέλλει

273 1793 452 1864 cumulem
477 1795 680 1870 mspyuouou
708 1795 778 1870 μέγα
804 1793 851 1850 καὶ
874 1794 1032 1869 περιβόητον
1055 1794 1141 1872 ἔργον.
1198 1795 1265 1853 Ter.
1292 1795 1406 1853 fleant.

274 1897 350 1954 342:
377 1895 575 1972 „Ademptum
597 1897 654 1954 tibi
671 1899 730 1956 iem
748 1896 816 1955 furo
833 1917 950 1956 omnem
968 1903 1089 1969 metum,
1113 1896 1147 1956 Iu
1166 1915 1267 1956 eurem
1286 1903 1408 1956 utrem-

271 1999 318 2054 uie
347 1999 441 2056 otiose
468 2005 502 2056 ut
525 1997 684 2058 dormies“.
730 1997 806 2056 Pliu.
829 1997 885 2077 Ep.
910 1999 959 2074 Ν,
990 2001 1038 2058 29.
1095 1999 1260 2058 Pseudolus
1291 2005 1405 2062 entem.

274 2119 365 2177 quum
393 2101 486 2160 oculis
514 2101 642 2162 dormire
665 2101 800 2161 homines
821 2103 994 2160 riderentur
1017 2099 1094 2175 (Mil.
1121 2099 1210 2174 826),
1233 2103 1406 2161 scurriliter

271 2197 307 2261 itt
330 2197 454 2262 oculum
481 2199 642 2264 utrumuis
670 2203 759 2277 dicit,
793 2205 881 2262 simul
908 2202 1077 2280 significans
1105 2206 1135 2262 in
1162 2205 1217 2282 hpc
1244 2225 1276 2262 re
1308 2205 1404 2264 oculis
1463 2217 1464 2222 ’

275 2307 472 2366 conivendum
495 2327 569 2366 esse.
615 2305 679 2364 Hoc
701 2327 760 2366 nou
784 2307 995 2366 intellexerunt
1018 2309 1070 2384 qui
1093 2326 1196 2368 versus
1222 2309 1279 2366 122
1307 2315 1340 2366 et
1364 2309 1402 2365 23
1463 2333 1464 2344 ¹

272 2414 530 2487 uonsposncrunt,
555 2429 615 2486 quo
638 2409 717 2470 lecto
740 2427 799 2468 uon
822 2415 867 2468 est
890 2429 943 2468 cur
965 2409 1119 2468 oculorum
1141 2412 1253 2468 mentio
1275 2409 1341 2468 lint.
1364 2437 1400 2448 -

276 2513 346 2571 125.
369 2511 420 2572 R.:
447 2513 499 2586 „Iu
516 2512 673 2570 oculumue
691 2531 729 2571 eu
742 2513 773 2570 iu
785 2511 909 2572 eurem?
931 2511 984 2570 ΡΒ.
998 2507 1092 2570 H0c“.
1117 2511 1246 2570 Facilius
1260 2512 1399 2588 Kempm.

275 2613 416 2688 ,oculum
445 2635 520 2674 enno
548 2611 597 2673 iu“
629 2621 660 2672 et
682 2613 764 2674 Brix.
788 2615 864 2672 Anu.
888 2613 961 2692 phil.
985 2613 1023 2673 cl
1050 2633 1080 2691 p.
1106 2615 1181 2684 773,
1216 2633 1305 2690 quem
1336 2633 1401 2672 cum

272 2715 340 2776 Lot.
364 2723 484 2776 secutus
512 2737 590 2778 sum:
632 2711 744 2780 ocum
773 2711 898 2776 oculum
927 2731 1009 2776 anne
1037 2711 1169 2776 ceretu?
1211 2715 1257 2775 De
1291 2719 1400 2775 omisso

271 2821 487 2896 propositione
515 2839 543 2878 v.
567 2841 604 2878 nu
628 2819 719 2878 Mero.
745 2821 814 2878 721.
866 2819 955 2878 Itone
978 2839 1007 2896 p.
1034 2821 1093 2878 159
1122 2838 1228 2895 parum
1257 2819 1399 2878 feliciter:

275 2919 440 2993 „Utrumne
452 2925 482 2980 in
495 2919 636 2982 eurem?“
659 2951 696 2962 -
709 2916 775 2988 hoc,
797 2921 876 2998 quod
896 2921 968 2994 dixi,
991 2940 1049 2980 nou
1061 2921 1092 2979 id
1105 2922 1186 2998 quod
1203 2922 1398 2980 interlocutor

273 3024 398 3082 fortuito
431 3030 564 3084 extremo
595 3025 661 3084 loco
688 3027 804 3102 posuit,
839 3045 875 3084 ne
904 3043 969 3084 cum
991 3023 1026 3082 R.
1050 3045 1106 3101 pro
1134 3019 1242 3084 minue
1273 3019 1396 3098 ,nimis“

272 3126 401 3198 scribss3
424 3127 500 3186 illud
522 3129 609 3186 etism
633 3129 709 3186 ine
732 3131 838 3186 exstet.
883 3125 929 3186 At
953 3129 1130 3185 sententium
1153 3128 1188 3185 cf.
1212 3125 1301 3202 Epio.
1327 3127 1396 3186 350.

273 3227 379 3286 Bacch.
406 3231 497 3288 1070.
527 3259 570 3270 -
606 3231 674 3289 126.
703 3229 893 3306 spectatores
921 3230 1093 3304 alloquitur.
1126 3257 1163 3268 -
1203 3230 1272 3288 127.
1303 3221 1395 3288 Peste.

272 3329 352 3390 Fest.
382 3327 463 3408 Epic.
498 3353 527 3410 p.
562 3335 640 3392 252:
689 3332 789 3405 „Pube
822 3337 979 3408 praesente
1017 3337 1063 3389 est
1096 3331 1208 3410 populo
1242 3337 1393 3409 presente,

273 3433 466 3506 συνεκδοχικῶς
499 3436 535 3494 ab
563 3434 622 3508 his,
658 3438 709 3512 qui
737 3435 867 3512 puberes
896 3441 974 3505 eunt,
1004 3453 1119 3493 omnem
1141 3433 1288 3512 populum
1309 3435 1395 3508 signi·

272 3532 393 3596 ficens“.
438 3535 601 3614 Antiquom
623 3537 779 3596 formulam
807 3535 882 3596 henc
910 3556 974 3595 esse
1002 3541 1084 3594 recte
1107 3537 1320 3596 suimedrertit
1341 3535 1394 3594 Ro·

273 3641 372 3714 meijn.
391 3669 433 3680 -
459 3641 528 3698 130.
554 3633 599 3713 St,
625 3640 798 3698 1221.-
823 3641 891 3698 131.
921 3632 1024 3698 Omra
1046 3641 1108 3698 eius
1131 3657 1253 3715 crepere
1275 3639 1393 3708 mavult.

272 3763 311 3801 sc.
336 3743 440 3814 fracte,
464 3763 491 3800 v.
515 3742 553 3800 ed
575 3743 657 3800 Asin.
683 3744 753 3801 471.
778 3769 820 3782 -
846 3743 914 3800 132.
939 3737 1053 3820 Atque,
1083 3763 1110 3802 v.
1134 3742 1170 3800 ed
1194 3741 1303 3819 Amph.
1327 3742 1392 3800 948.

272 3873 314 3884 -·
347 3839 435 3904 inlus
458 3844 667 3904 Ritterhusius.
697 3873 739 3884 -
763 3841 932 3920 periomm
953 3845 1063 3920 caput,
1102 3865 1130 3904 v.
1154 3845 1192 3902 ed
1215 3843 1302 3903 Curc.
1328 3847 1392 3903 231.

272 3947 428 4025 Scriptura
443 3948 629 4026 palimpsesti
648 3967 754 4023 perum
773 3953 854 4006 certe
872 3953 937 4020 θεῖς,
956 3947 1053 4006 Lern:
1077 3944 1391 4030 PERIURHQPUT.
1460 3975 1461 3978 ¹

358 4049 524 4110 Secundum
557 4049 696 4108 Pseudoli
735 4069 853 4108 scenam
891 4052 1052 4127 seperatim
1094 4053 1237 4110 trectevit
1274 4051 1390 4111 Usener.

272 4151 336 4210 Iud.
360 4153 452 4212 schol.
477 4151 643 4228 Gryphisw.
670 4153 760 4212 1866.
806 4152 877 4211 Exit
899 4151 996 4211 Bellio
1018 4153 1095 4212 leno.
1141 4151 1241 4211 Neteli
1271 4155 1318 4212 die
1346 4171 1391 4211 suo

272 4255 381 4313 lentius
404 4263 613 4331 opsonatum,
637 4259 706 4314 ente
730 4275 817 4332 quem
839 4257 878 4314 sd
894 4255 1050 4315 macellum
1068 4255 1139 4329 abit,
1164 4275 1266 4316 servos
1285 4261 1388 4325 crocet,

272 4365 304 4413 ut
322 4357 358 4413 iis
375 4375 440 4433 que
457 4357 521 4414 fieri
540 4357 612 4414 velit
629 4360 764 4434 imperet.
800 4358 874 4416 Tum
893 4361 982 4417 etiem
1003 4358 1177 4416 mulieribus
1190 4359 1389 4418 meretricibus
