2954 5002
81 459 104 525 1,
124 461 148 528 5,
167 462 270 515 44-58
565 459 728 514 Pseudolus.

548 649 738 735 Callipho

80 756 174 823 Bene
197 757 465 842 confidenterque
488 758 654 824 adstitisse
677 759 840 840 intellego.

533 934 760 1000 Pseudolus

80 1041 187 1106 Decet
209 1042 423 1120 innocentem,
447 1043 503 1125 qui
528 1044 579 1107 sit.
605 1050 704 1126 utque
727 1045 893 1109 innoxium

82 1149 221 1216 Seruum
243 1148 418 1234 superbum
443 1171 513 1215 esse
537 1151 624 1234 apud
649 1173 738 1216 erum
762 1153 987 1235 potissumum.

554 1325 742 1411 callipho

83 1433 168 1498 Sunt
191 1454 275 1518 quse
299 1441 331 1498 te
353 1433 504 1499 uolumus
527 1437 723 1518 percontari,
748 1457 833 1519 quae
857 1438 950 1519 quasi

81 1540 149 1605 Per
171 1541 324 1607 nebulam
347 1549 476 1606 nosmet
498 1544 617 1608 scimus
640 1550 741 1627 utque
765 1545 960 1610 audiuimus.

592 1717 695 1785 Simo

85 1823 243 1890 Conficiet
264 1827 330 1890 iam
354 1833 387 1890 tc
409 1825 463 1890 hio
485 1826 605 1903 uerbis,
629 1833 666 1892 ut
688 1833 724 1892 tu
748 1848 881 1894 censeas

84 1931 157 1997 Non
180 1932 385 2012 Pseudolum,
410 1934 468 1999 sed
492 1933 660 2000 Socratem
682 1943 791 2000 tecum
814 1935 911 2022 loqui.

533 2111 758 2176 Pseudolus

86 2214 139 2279 Ita
162 2223 223 2298 est;
245 2219 311 2282 iam
334 2218 459 2301 pridem
483 2227 518 2283 tu
542 2241 592 2283 me
617 2209 750 2302 spernis,
774 2222 887 2285 sentio.

88 2320 238 2404 [Paruum
263 2347 332 2390 esse
356 2327 442 2408 opud
467 2335 499 2391 te
523 2327 600 2390 mihi
624 2325 720 2391 fidem
744 2330 812 2412 ipse
835 2327 1012 2411 intellego]

89 2429 186 2515 Cupis
207 2455 259 2499 me
282 2455 352 2499 esse
376 2455 533 2518 nsquam3
557 2444 666 2500 tamen
690 2457 745 2500 ero
768 2435 854 2518 frugi
877 2437 991 2501 bonne.

594 2611 698 2675 Simo

92 2713 152 2779 Fac
174 2719 218 2782 sis
241 2721 384 2796 uaciuns,
408 2718 578 2796 Pseudolo,
604 2719 695 2784 seclis
719 2722 856 2795 aurium,

90 2821 160 2888 Meo
181 2835 217 2890 ut
239 2829 380 2909 migrare
405 2827 494 2890 dicta
516 2813 643 2910 po‘ssint
665 2849 731 2910 quo
754 2828 838 2892 uolo.

532 3003 756 3068 Pseudolus

93 3107 154 3189 Age
175 3111 308 3194 loquere
333 3110 472 3192 quiduis,
496 3114 627 3176 tametsi
651 3112 712 3176 tibi
736 3132 918 3177 suscenseo.

592 3288 696 3353 Simo

94 3387 187 3458 llihin
211 3395 343 3461 domino
367 3417 479 3462 seruos
502 3404 538 3462 tu
562 3397 752 3462 suscenses?

530 3565 759 3632 Pseudolus

791 3674 871 3739 Tam
895 3675 954 3739 tibi

96 3773 202 3843 Mirum
224 3782 256 3846 id
279 3783 433 3849 uidetur?

596 3936 700 4001 Simo

473 4043 591 4110 Hercle
615 4047 680 4128 qui,
704 4053 740 4110 ut
762 4053 797 4110 tu
820 4043 1001 4129 praedicas,

107 4163 308 4179 “S-—

157 4253 203 4304 459
221 4252 273 4306 CA.
294 4269 343 4307 om.
362 4253 390 4307 B
455 4255 506 4308 460
524 4255 651 4307 innoxius
717 4255 768 4308 466
787 4251 815 4306 C.
834 4253 862 4307 B
922 4253 973 4306 469
992 4252 1097 4307 FoxB
1154 4255 1205 4304 470

98 4330 205 4388 dicioB
271 4339 394 4392 citiam
414 4338 465 4394 BC
531 4338 745 4393 cinitonis
