<?xml version="1.0" encoding="UTF-8"?>
<!DOCTYPE html PUBLIC "-//W3C//DTD XHTML 1.0 Transitional//EN"
    "http://www.w3.org/TR/xhtml1/DTD/xhtml1-transitional.dtd">
<html xmlns="http://www.w3.org/1999/xhtml" xml:lang="en" lang="en">
 <head>
  <title>
</title>
<meta http-equiv="Content-Type" content="text/html;charset=utf-8" />
  <meta name='ocr-system' content='tesseract 3.04.00' />
  <meta name='ocr-capabilities' content='ocr_page ocr_carea ocr_par ocr_line ocrx_word'/>
</head>
<body>
  <div class='ocr_page' id='page_1' title='image "./tmacciiplautico01ussigoog_0636.png"; bbox 0 0 2982 5000; ppageno 0'>
   <div class='ocr_carea' id='block_1_1' title="bbox 556 437 1236 506">
    <p class='ocr_par' dir='ltr' id='par_1_1' title="bbox 556 437 1236 506">
     <span class='ocr_line' id='line_1_1' title="bbox 556 437 1236 506; baseline 0.004 -16"><span class='ocrx_word' id='word_1_1' title='bbox 556 437 588 492; x_wconf 76' lang='lat' dir='ltr'>V.</span> <span class='ocrx_word' id='word_1_2' title='bbox 607 442 750 494; x_wconf 67' lang='grc' dir='ltr'>ιιι-ιιι.</span> <span class='ocrx_word' id='word_1_3' title='bbox 1177 447 1236 506; x_wconf 75' lang='lat'>261</span> 
     </span>
    </p>
   </div>
   <div class='ocr_carea' id='block_1_2' title="bbox 98 623 1241 1024">
    <p class='ocr_par' dir='ltr' id='par_1_2' title="bbox 98 623 1241 1024">
     <span class='ocr_line' id='line_1_2' title="bbox 98 623 1239 713; baseline 0.002 -21"><span class='ocrx_word' id='word_1_4' title='bbox 98 662 154 672; x_wconf 69' lang='lat'>—</span> <span class='ocrx_word' id='word_1_5' title='bbox 172 638 247 709; x_wconf 77' lang='grc' dir='ltr'>Ι741.</span> <span class='ocrx_word' id='word_1_6' title='bbox 273 633 331 695; x_wconf 70' lang='lat' dir='ltr'>isle</span> <span class='ocrx_word' id='word_1_7' title='bbox 356 636 432 694; x_wconf 79' lang='lat' dir='ltr'>Low.</span> <span class='ocrx_word' id='word_1_8' title='bbox 453 623 538 694; x_wconf 75' lang='lat' dir='ltr'>Auel.</span> <span class='ocrx_word' id='word_1_9' title='bbox 556 655 584 710; x_wconf 84' lang='lat' dir='ltr'>p.</span> <span class='ocrx_word' id='word_1_10' title='bbox 608 638 676 694; x_wconf 78' lang='lat' dir='ltr'>loo.</span> <span class='ocrx_word' id='word_1_11' title='bbox 701 665 736 674; x_wconf 86' lang='lat'>-</span> <span class='ocrx_word' id='word_1_12' title='bbox 759 653 797 694; x_wconf 77' lang='lat' dir='ltr'>eae</span> <span class='ocrx_word' id='word_1_13' title='bbox 817 631 950 713; x_wconf 77' lang='lat' dir='ltr'><strong><em>Carysto</em></strong></span> <span class='ocrx_word' id='word_1_14' title='bbox 966 657 1031 695; x_wconf 91' lang='lat' dir='ltr'>cum</span> <span class='ocrx_word' id='word_1_15' title='bbox 1049 637 1239 712; x_wconf 86' lang='lat' dir='ltr'>sequentihus</span> 
     </span>
     <span class='ocr_line' id='line_1_3' title="bbox 99 734 1240 816; baseline 0.004 -23"><span class='ocrx_word' id='word_1_16' title='bbox 99 739 308 814; x_wconf 82' lang='lat' dir='ltr'><strong>iungendum,</strong></span> <span class='ocrx_word' id='word_1_17' title='bbox 332 741 368 797; x_wconf 82' lang='lat' dir='ltr'>ci.</span> <span class='ocrx_word' id='word_1_18' title='bbox 395 741 490 796; x_wconf 79' lang='lat'>1177:</span> <span class='ocrx_word' id='word_1_19' title='bbox 517 737 581 810; x_wconf 84' lang='lat' dir='ltr'>,Ex</span> <span class='ocrx_word' id='word_1_20' title='bbox 603 737 731 813; x_wconf 82' lang='lat' dir='ltr'>Sicyone</span> <span class='ocrx_word' id='word_1_21' title='bbox 754 739 811 798; x_wconf 91' lang='lat' dir='ltr'>huo</span> <span class='ocrx_word' id='word_1_22' title='bbox 831 735 1025 816; x_wconf 80' lang='lat' dir='ltr'>peruenisti“.</span> <span class='ocrx_word' id='word_1_23' title='bbox 1049 769 1091 779; x_wconf 90' lang='lat'>--</span> <span class='ocrx_word' id='word_1_24' title='bbox 1113 735 1168 816; x_wconf 79' lang='lat' dir='ltr'>qni</span> <span class='ocrx_word' id='word_1_25' title='bbox 1190 734 1240 798; x_wconf 75' lang='lat' dir='ltr'>Istc</span> 
     </span>
     <span class='ocr_line' id='line_1_4' title="bbox 100 835 1239 921; baseline 0 -22"><span class='ocrx_word' id='word_1_26' title='bbox 100 836 215 914; x_wconf 78' lang='lat' dir='ltr'>adest,</span> <span class='ocrx_word' id='word_1_27' title='bbox 230 838 342 920; x_wconf 78' lang='lat' dir='ltr'><strong><em>ecquid</em></strong></span> <span class='ocrx_word' id='word_1_28' title='bbox 352 842 387 900; x_wconf 80' lang='lat' dir='ltr'>A.</span> <span class='ocrx_word' id='word_1_29' title='bbox 399 873 441 882; x_wconf 91' lang='lat'>-</span> <span class='ocrx_word' id='word_1_30' title='bbox 460 843 530 901; x_wconf 75' lang='lat'>742.</span> <span class='ocrx_word' id='word_1_31' title='bbox 548 835 610 902; x_wconf 60' lang='lat' dir='ltr'>altis</span> <span class='ocrx_word' id='word_1_32' title='bbox 621 843 657 901; x_wconf 82' lang='lat' dir='ltr'>A.</span> <span class='ocrx_word' id='word_1_33' title='bbox 686 841 830 901; x_wconf 82' lang='lat' dir='ltr'><strong>Charinus</strong></span> <span class='ocrx_word' id='word_1_34' title='bbox 842 844 985 902; x_wconf 79' lang='lat' dir='ltr'><strong>iocidaria</strong></span> <span class='ocrx_word' id='word_1_35' title='bbox 997 863 1139 921; x_wconf 75' lang='lat' dir='ltr'>quarens,</span> <span class='ocrx_word' id='word_1_36' title='bbox 1156 835 1239 919; x_wconf 72' lang='lat' dir='ltr'><strong>quati</strong></span> 
     </span>
     <span class='ocr_line' id='line_1_5' title="bbox 101 939 1241 1024; baseline 0.004 -25"><span class='ocrx_word' id='word_1_37' title='bbox 101 963 175 1002; x_wconf 86' lang='lat' dir='ltr'>nou</span> <span class='ocrx_word' id='word_1_38' title='bbox 198 944 235 1001; x_wconf 87' lang='lat' dir='ltr'>de</span> <span class='ocrx_word' id='word_1_39' title='bbox 257 947 365 1004; x_wconf 87' lang='lat' dir='ltr'>mentis</span> <span class='ocrx_word' id='word_1_40' title='bbox 387 947 549 1022; x_wconf 81' lang='lat' dir='ltr'>sagacitate</span> <span class='ocrx_word' id='word_1_41' title='bbox 572 947 730 1022; x_wconf 71' lang='lat' dir='ltr'>quesitum</span> <span class='ocrx_word' id='word_1_42' title='bbox 750 951 838 1018; x_wconf 83' lang='lat' dir='ltr'>esset,</span> <span class='ocrx_word' id='word_1_43' title='bbox 861 945 1020 1024; x_wconf 73' lang='lat' dir='ltr'>respondet</span> <span class='ocrx_word' id='word_1_44' title='bbox 1036 965 1102 1004; x_wconf 87' lang='lat' dir='ltr'>eum</span> <span class='ocrx_word' id='word_1_45' title='bbox 1119 939 1241 1004; x_wconf 73' lang='lat' dir='ltr'>hircum</span> 
     </span>
    </p>
   </div>
   <div class='ocr_carea' id='block_1_3' title="bbox 79 1042 1263 4415">
    <p class='ocr_par' dir='ltr' id='par_1_3' title="bbox 79 1042 1263 4415">
     <span class='ocr_line' id='line_1_6' title="bbox 103 1042 1240 1126; baseline 0.001 -21"><span class='ocrx_word' id='word_1_46' title='bbox 103 1042 155 1105; x_wconf 78' lang='lat' dir='ltr'>ab</span> <span class='ocrx_word' id='word_1_47' title='bbox 179 1042 242 1106; x_wconf 81' lang='lat' dir='ltr'>alis</span> <span class='ocrx_word' id='word_1_48' title='bbox 263 1062 379 1123; x_wconf 78' lang='lat' dir='ltr'><strong><em>sapere,</em></strong></span> <span class='ocrx_word' id='word_1_49' title='bbox 402 1050 422 1106; x_wconf 87' lang='lat' dir='ltr'>i.</span> <span class='ocrx_word' id='word_1_50' title='bbox 443 1069 468 1106; x_wconf 87' lang='lat' dir='ltr'>e.</span> <span class='ocrx_word' id='word_1_51' title='bbox 493 1049 582 1120; x_wconf 81' lang='lat' dir='ltr'>olere,</span> <span class='ocrx_word' id='word_1_52' title='bbox 606 1049 654 1105; x_wconf 77' lang='lat' dir='ltr'>vel</span> <span class='ocrx_word' id='word_1_53' title='bbox 677 1054 711 1106; x_wconf 87' lang='lat' dir='ltr'>ut</span> <span class='ocrx_word' id='word_1_54' title='bbox 733 1049 775 1106; x_wconf 84' lang='lat' dir='ltr'>ait</span> <span class='ocrx_word' id='word_1_55' title='bbox 794 1048 865 1107; x_wconf 86' lang='lat' dir='ltr'>Hor.</span> <span class='ocrx_word' id='word_1_56' title='bbox 883 1047 980 1126; x_wconf 84' lang='lat' dir='ltr'>Epod.</span> <span class='ocrx_word' id='word_1_57' title='bbox 1001 1051 1048 1124; x_wconf 78' lang='lat'>12,</span> <span class='ocrx_word' id='word_1_58' title='bbox 1074 1053 1103 1122; x_wconf 86' lang='grc'>5,</span> <span class='ocrx_word' id='word_1_59' title='bbox 1125 1047 1240 1108; x_wconf 75' lang='lat' dir='ltr'><strong>hircum</strong></span> 
     </span>
     <span class='ocr_line' id='line_1_7' title="bbox 103 1149 1263 1228; baseline 0.003 -23"><span class='ocrx_word' id='word_1_60' title='bbox 103 1152 145 1206; x_wconf 88' lang='lat' dir='ltr'>in</span> <span class='ocrx_word' id='word_1_61' title='bbox 170 1151 226 1209; x_wconf 83' lang='lat' dir='ltr'>ulis</span> <span class='ocrx_word' id='word_1_62' title='bbox 249 1153 312 1209; x_wconf 85' lang='lat' dir='ltr'>eins</span> <span class='ocrx_word' id='word_1_63' title='bbox 334 1152 449 1210; x_wconf 77' lang='lat' dir='ltr'>cubare.</span> <span class='ocrx_word' id='word_1_64' title='bbox 501 1151 640 1227; x_wconf 76' lang='lat' dir='ltr'>Cognata</span> <span class='ocrx_word' id='word_1_65' title='bbox 668 1153 804 1208; x_wconf 88' lang='lat' dir='ltr'>notiones</span> <span class='ocrx_word' id='word_1_66' title='bbox 834 1150 933 1210; x_wconf 86' lang='lat' dir='ltr'>odoris</span> <span class='ocrx_word' id='word_1_67' title='bbox 963 1156 994 1210; x_wconf 85' lang='lat' dir='ltr'>et</span> <span class='ocrx_word' id='word_1_68' title='bbox 1023 1153 1139 1228; x_wconf 84' lang='lat' dir='ltr'><strong>saporis</strong></span> <span class='ocrx_word' id='word_1_69' title='bbox 1168 1149 1263 1209; x_wconf 52' lang='lat' dir='ltr'>con?</span> 
     </span>
     <span class='ocr_line' id='line_1_8' title="bbox 105 1251 1240 1328; baseline 0.003 -19"><span class='ocrx_word' id='word_1_70' title='bbox 105 1253 294 1324; x_wconf 82' lang='lat' dir='ltr'><strong>funduntur,</strong></span> <span class='ocrx_word' id='word_1_71' title='bbox 317 1254 353 1312; x_wconf 85' lang='lat' dir='ltr'>cf.</span> <span class='ocrx_word' id='word_1_72' title='bbox 371 1253 430 1312; x_wconf 87' lang='lat' dir='ltr'>Cic.</span> <span class='ocrx_word' id='word_1_73' title='bbox 449 1253 530 1312; x_wconf 85' lang='lat' dir='ltr'>Orat.</span> <span class='ocrx_word' id='word_1_74' title='bbox 548 1251 602 1326; x_wconf 90' lang='lat'>111,</span> <span class='ocrx_word' id='word_1_75' title='bbox 623 1257 672 1324; x_wconf 77' lang='lat'>25,</span> <span class='ocrx_word' id='word_1_76' title='bbox 691 1255 746 1313; x_wconf 83' lang='lat'>99:</span> <span class='ocrx_word' id='word_1_77' title='bbox 775 1256 887 1328; x_wconf 81' lang='lat' dir='ltr'><strong>,magis</strong></span> <span class='ocrx_word' id='word_1_78' title='bbox 909 1253 1024 1312; x_wconf 84' lang='lat' dir='ltr'><strong>laudari</strong></span> <span class='ocrx_word' id='word_1_79' title='bbox 1046 1259 1240 1328; x_wconf 75' lang='lat' dir='ltr'><strong>unguentum,</strong></span> 
     </span>
     <span class='ocr_line' id='line_1_9' title="bbox 106 1352 1240 1433; baseline 0.002 -21"><span class='ocrx_word' id='word_1_80' title='bbox 106 1357 198 1432; x_wconf 83' lang='lat' dir='ltr'>qnod</span> <span class='ocrx_word' id='word_1_81' title='bbox 221 1377 317 1416; x_wconf 85' lang='lat' dir='ltr'>ceram</span> <span class='ocrx_word' id='word_1_82' title='bbox 341 1377 429 1433; x_wconf 82' lang='lat' dir='ltr'><strong>qnam</strong></span> <span class='ocrx_word' id='word_1_83' title='bbox 453 1355 532 1432; x_wconf 88' lang='lat' dir='ltr'>qnod</span> <span class='ocrx_word' id='word_1_84' title='bbox 555 1374 672 1414; x_wconf 86' lang='lat' dir='ltr'><strong>crocum</strong></span> <span class='ocrx_word' id='word_1_85' title='bbox 688 1375 793 1433; x_wconf 84' lang='lat' dir='ltr'>sapere</span> <span class='ocrx_word' id='word_1_86' title='bbox 810 1352 986 1429; x_wconf 83' lang='lat' dir='ltr'>videatur“;</span> <span class='ocrx_word' id='word_1_87' title='bbox 1010 1358 1053 1416; x_wconf 87' lang='lat' dir='ltr'>sic</span> <span class='ocrx_word' id='word_1_88' title='bbox 1070 1358 1148 1416; x_wconf 86' lang='lat' dir='ltr'>enim</span> <span class='ocrx_word' id='word_1_89' title='bbox 1169 1357 1240 1416; x_wconf 86' lang='lat' dir='ltr'><strong>scri·</strong></span> 
     </span>
     <span class='ocr_line' id='line_1_10' title="bbox 108 1458 1239 1532; baseline 0.001 -14"><span class='ocrx_word' id='word_1_90' title='bbox 108 1460 247 1518; x_wconf 81' lang='lat' dir='ltr'><strong>bendum</strong></span> <span class='ocrx_word' id='word_1_91' title='bbox 270 1479 306 1516; x_wconf 87' lang='lat' dir='ltr'>ex</span> <span class='ocrx_word' id='word_1_92' title='bbox 322 1459 399 1518; x_wconf 89' lang='lat' dir='ltr'>Plin.</span> <span class='ocrx_word' id='word_1_93' title='bbox 411 1458 448 1517; x_wconf 90' lang='lat' dir='ltr'>H.</span> <span class='ocrx_word' id='word_1_94' title='bbox 461 1458 497 1517; x_wconf 87' lang='lat' dir='ltr'>N.</span> <span class='ocrx_word' id='word_1_95' title='bbox 510 1459 591 1532; x_wconf 87' lang='lat' dir='ltr'>XIII,</span> <span class='ocrx_word' id='word_1_96' title='bbox 616 1461 653 1517; x_wconf 79' lang='lat'>21</span> <span class='ocrx_word' id='word_1_97' title='bbox 668 1467 698 1518; x_wconf 87' lang='lat' dir='ltr'>et</span> <span class='ocrx_word' id='word_1_98' title='bbox 709 1458 802 1532; x_wconf 84' lang='lat' dir='ltr'>XVII,</span> <span class='ocrx_word' id='word_1_99' title='bbox 827 1460 880 1518; x_wconf 85' lang='lat'>38:</span> <span class='ocrx_word' id='word_1_100' title='bbox 907 1458 1029 1532; x_wconf 78' lang='lat' dir='ltr'>„Cicero</span> <span class='ocrx_word' id='word_1_101' title='bbox 1042 1506 1048 1518; x_wconf 93' lang='lat'>.</span> <span class='ocrx_word' id='word_1_102' title='bbox 1063 1507 1069 1518; x_wconf 91' lang='lat'><em>.</em></span> <span class='ocrx_word' id='word_1_103' title='bbox 1084 1506 1090 1520; x_wconf 91' lang='lat'><em>.</em></span> <span class='ocrx_word' id='word_1_104' title='bbox 1104 1459 1239 1532; x_wconf 80' lang='lat' dir='ltr'>Meliora,</span> 
     </span>
     <span class='ocr_line' id='line_1_11' title="bbox 110 1556 1241 1640; baseline 0.004 -20"><span class='ocrx_word' id='word_1_105' title='bbox 110 1565 228 1640; x_wconf 80' lang='lat' dir='ltr'>inquIt,</span> <span class='ocrx_word' id='word_1_106' title='bbox 258 1567 410 1639; x_wconf 77' lang='lat' dir='ltr'>unguenta</span> <span class='ocrx_word' id='word_1_107' title='bbox 439 1567 506 1620; x_wconf 90' lang='lat' dir='ltr'>sunt</span> <span class='ocrx_word' id='word_1_108' title='bbox 532 1581 597 1637; x_wconf 80' lang='lat' dir='ltr'>qua</span> <span class='ocrx_word' id='word_1_109' title='bbox 627 1583 722 1621; x_wconf 85' lang='lat' dir='ltr'><strong>ceram</strong></span> <span class='ocrx_word' id='word_1_110' title='bbox 753 1559 852 1634; x_wconf 83' lang='lat' dir='ltr'><strong>(codd.</strong></span> <span class='ocrx_word' id='word_1_111' title='bbox 880 1556 1044 1638; x_wconf 83' lang='lat' dir='ltr'>„terram“)</span> <span class='ocrx_word' id='word_1_112' title='bbox 1066 1581 1153 1640; x_wconf 85' lang='lat' dir='ltr'><strong>qnam</strong></span> <span class='ocrx_word' id='word_1_113' title='bbox 1176 1583 1241 1640; x_wconf 80' lang='lat' dir='ltr'>qum</span> 
     </span>
     <span class='ocr_line' id='line_1_12' title="bbox 112 1659 1241 1742; baseline 0.003 -21"><span class='ocrx_word' id='word_1_114' title='bbox 112 1686 235 1724; x_wconf 83' lang='lat' dir='ltr'><strong>crocum</strong></span> <span class='ocrx_word' id='word_1_115' title='bbox 248 1668 384 1742; x_wconf 87' lang='lat' dir='ltr'><strong>sapiunt;</strong></span> <span class='ocrx_word' id='word_1_116' title='bbox 408 1664 464 1722; x_wconf 92' lang='lat' dir='ltr'>hoc</span> <span class='ocrx_word' id='word_1_117' title='bbox 484 1666 561 1722; x_wconf 87' lang='lat' dir='ltr'>enim</span> <span class='ocrx_word' id='word_1_118' title='bbox 578 1666 685 1723; x_wconf 80' lang='lat' dir='ltr'>maluit</span> <span class='ocrx_word' id='word_1_119' title='bbox 702 1665 810 1722; x_wconf 75' lang='lat' dir='ltr'>dixisse</span> <span class='ocrx_word' id='word_1_120' title='bbox 829 1683 916 1741; x_wconf 74' lang='lat' dir='ltr'>quem</span> <span class='ocrx_word' id='word_1_121' title='bbox 933 1660 1098 1724; x_wconf 81' lang='lat' dir='ltr'>redolent“.</span> <span class='ocrx_word' id='word_1_122' title='bbox 1111 1694 1154 1704; x_wconf 96' lang='lat'>-</span> <span class='ocrx_word' id='word_1_123' title='bbox 1169 1659 1241 1724; x_wconf 82' lang='lat' dir='ltr'>Ma-</span> 
     </span>
     <span class='ocr_line' id='line_1_13' title="bbox 114 1763 1240 1845; baseline -0.001 -18"><span class='ocrx_word' id='word_1_124' title='bbox 114 1763 284 1838; x_wconf 76' lang='lat' dir='ltr'>stulectam,</span> <span class='ocrx_word' id='word_1_125' title='bbox 308 1769 327 1824; x_wconf 91' lang='lat' dir='ltr'>i.</span> <span class='ocrx_word' id='word_1_126' title='bbox 348 1788 374 1826; x_wconf 90' lang='lat' dir='ltr'>e.</span> <span class='ocrx_word' id='word_1_127' title='bbox 398 1770 590 1839; x_wconf 83' lang='lat' dir='ltr'><strong>manicatam,</strong></span> <span class='ocrx_word' id='word_1_128' title='bbox 613 1773 648 1825; x_wconf 92' lang='lat' dir='ltr'>nt</span> <span class='ocrx_word' id='word_1_129' title='bbox 670 1770 714 1826; x_wconf 85' lang='lat' dir='ltr'>ait</span> <span class='ocrx_word' id='word_1_130' title='bbox 735 1767 904 1826; x_wconf 76' lang='lat' dir='ltr'><strong>Priscianus</strong></span> <span class='ocrx_word' id='word_1_131' title='bbox 923 1767 963 1825; x_wconf 87' lang='lat' dir='ltr'>1v</span> <span class='ocrx_word' id='word_1_132' title='bbox 982 1787 1011 1845; x_wconf 86' lang='lat' dir='ltr'>p.</span> <span class='ocrx_word' id='word_1_133' title='bbox 1033 1768 1105 1826; x_wconf 78' lang='lat'><strong>637.</strong></span> <span class='ocrx_word' id='word_1_134' title='bbox 1124 1797 1164 1806; x_wconf 88' lang='lat'>—</span> <span class='ocrx_word' id='word_1_135' title='bbox 1187 1763 1240 1826; x_wconf 83' lang='lat' dir='ltr'>ad·</span> 
     </span>
     <span class='ocr_line' id='line_1_14' title="bbox 116 1864 1242 1947; baseline -0.002 -17"><span class='ocrx_word' id='word_1_136' title='bbox 116 1867 204 1930; x_wconf 77' lang='lat' dir='ltr'>decet</span> <span class='ocrx_word' id='word_1_137' title='bbox 219 1872 256 1942; x_wconf 79' lang='lat' dir='ltr'>A,</span> <span class='ocrx_word' id='word_1_138' title='bbox 280 1871 383 1942; x_wconf 78' lang='lat' dir='ltr'>Prisc,</span> <span class='ocrx_word' id='word_1_139' title='bbox 406 1870 482 1928; x_wconf 86' lang='lat' dir='ltr'>Non.</span> <span class='ocrx_word' id='word_1_140' title='bbox 500 1889 530 1946; x_wconf 87' lang='lat' dir='ltr'>p.</span> <span class='ocrx_word' id='word_1_141' title='bbox 551 1871 621 1928; x_wconf 81' lang='lat'><strong>536.</strong></span> <span class='ocrx_word' id='word_1_142' title='bbox 639 1899 681 1910; x_wconf 96' lang='lat'>-·</span> <span class='ocrx_word' id='word_1_143' title='bbox 704 1871 775 1929; x_wconf 80' lang='lat'><strong>743.</strong></span> <span class='ocrx_word' id='word_1_144' title='bbox 798 1864 927 1947; x_wconf 71' lang='lat' dir='ltr'><strong>Ecquid</strong></span> <span class='ocrx_word' id='word_1_145' title='bbox 944 1867 974 1929; x_wconf 77' lang='lat' dir='ltr'>is</span> <span class='ocrx_word' id='word_1_146' title='bbox 996 1865 1087 1930; x_wconf 76' lang='lat' dir='ltr'>homo</span> <span class='ocrx_word' id='word_1_147' title='bbox 1103 1870 1184 1945; x_wconf 75' lang='lat' dir='ltr'>Lon,</span> <span class='ocrx_word' id='word_1_148' title='bbox 1208 1876 1242 1928; x_wconf 86' lang='lat' dir='ltr'>ut</span> 
     </span>
     <span class='ocr_line' id='line_1_15' title="bbox 121 1971 1242 2052; baseline 0.001 -21"><span class='ocrx_word' id='word_1_149' title='bbox 121 1971 248 2047; x_wconf 78' lang='lat' dir='ltr'>,habet“</span> <span class='ocrx_word' id='word_1_150' title='bbox 268 1973 402 2030; x_wconf 76' lang='lat' dir='ltr'>ultimam</span> <span class='ocrx_word' id='word_1_151' title='bbox 420 1973 577 2050; x_wconf 78' lang='lat' dir='ltr'>producat,</span> <span class='ocrx_word' id='word_1_152' title='bbox 600 1972 689 2032; x_wconf 75' lang='lat' dir='ltr'>etad</span> <span class='ocrx_word' id='word_1_153' title='bbox 700 1971 792 2032; x_wconf 83' lang='lat' dir='ltr'><strong>Marc.</strong></span> <span class='ocrx_word' id='word_1_154' title='bbox 807 1974 877 2032; x_wconf 83' lang='grc'>688.</span> <span class='ocrx_word' id='word_1_155' title='bbox 912 1971 964 2034; x_wconf 73' lang='lat' dir='ltr'>lt:</span> <span class='ocrx_word' id='word_1_156' title='bbox 992 1971 1126 2052; x_wconf 85' lang='lat' dir='ltr'><strong>,Ecquid</strong></span> <span class='ocrx_word' id='word_1_157' title='bbox 1143 1977 1242 2032; x_wconf 82' lang='lat' dir='ltr'>autem</span> 
     </span>
     <span class='ocr_line' id='line_1_16' title="bbox 116 2071 1241 2152; baseline 0 -17"><span class='ocrx_word' id='word_1_158' title='bbox 116 2073 225 2135; x_wconf 89' lang='lat' dir='ltr'>homo“</span> <span class='ocrx_word' id='word_1_159' title='bbox 237 2100 244 2146; x_wconf 90' lang='lat'>;</span> <span class='ocrx_word' id='word_1_160' title='bbox 257 2076 435 2151; x_wconf 69' lang='lat' dir='ltr'>&#39;Niemeyem</span> <span class='ocrx_word' id='word_1_161' title='bbox 459 2073 594 2152; x_wconf 85' lang='lat' dir='ltr'><strong>„Ecquid</strong></span> <span class='ocrx_word' id='word_1_162' title='bbox 605 2076 683 2134; x_wconf 87' lang='lat' dir='ltr'>idem</span> <span class='ocrx_word' id='word_1_163' title='bbox 695 2073 813 2134; x_wconf 86' lang='lat' dir='ltr'>homo“.</span> <span class='ocrx_word' id='word_1_164' title='bbox 831 2107 874 2116; x_wconf 91' lang='lat'><em>-</em></span> <span class='ocrx_word' id='word_1_165' title='bbox 891 2071 978 2150; x_wconf 78' lang='lat' dir='ltr'>aceli,</span> <span class='ocrx_word' id='word_1_166' title='bbox 991 2075 1172 2148; x_wconf 82' lang='lat' dir='ltr'>acerbitatis,</span> <span class='ocrx_word' id='word_1_167' title='bbox 1185 2077 1241 2136; x_wconf 85' lang='lat' dir='ltr'><strong>ira·</strong></span> 
     </span>
     <span class='ocr_line' id='line_1_17' title="bbox 117 2175 1242 2256; baseline 0.001 -18"><span class='ocrx_word' id='word_1_168' title='bbox 117 2180 242 2250; x_wconf 84' lang='lat' dir='ltr'><strong>cundiae,</strong></span> <span class='ocrx_word' id='word_1_169' title='bbox 263 2199 288 2236; x_wconf 88' lang='lat' dir='ltr'>v.</span> <span class='ocrx_word' id='word_1_170' title='bbox 309 2179 346 2236; x_wconf 88' lang='lat' dir='ltr'>ad</span> <span class='ocrx_word' id='word_1_171' title='bbox 359 2177 463 2250; x_wconf 87' lang='lat' dir='ltr'><strong>Bacch.</strong></span> <span class='ocrx_word' id='word_1_172' title='bbox 477 2179 548 2237; x_wconf 79' lang='lat'>402.</span> <span class='ocrx_word' id='word_1_173' title='bbox 566 2209 608 2218; x_wconf 91' lang='lat'>—</span> <span class='ocrx_word' id='word_1_174' title='bbox 626 2175 741 2256; x_wconf 71' lang='lat' dir='ltr'>Atque,</span> <span class='ocrx_word' id='word_1_175' title='bbox 765 2179 799 2236; x_wconf 88' lang='lat' dir='ltr'>cf.</span> <span class='ocrx_word' id='word_1_176' title='bbox 814 2179 878 2237; x_wconf 88' lang='lat' dir='ltr'>Mil.</span> <span class='ocrx_word' id='word_1_177' title='bbox 892 2181 952 2236; x_wconf 78' lang='lat'>369</span> <span class='ocrx_word' id='word_1_178' title='bbox 973 2199 1015 2256; x_wconf 89' lang='lat' dir='ltr'>sq.</span> <span class='ocrx_word' id='word_1_179' title='bbox 1034 2209 1075 2219; x_wconf 90' lang='lat'><em>—</em></span> <span class='ocrx_word' id='word_1_180' title='bbox 1097 2175 1242 2240; x_wconf 74' lang='lat' dir='ltr'><strong>acidissi-</strong></span> 
     </span>
     <span class='ocr_line' id='line_1_18' title="bbox 116 2280 1243 2357; baseline 0.001 -16"><span class='ocrx_word' id='word_1_181' title='bbox 116 2299 204 2341; x_wconf 77' lang='lat' dir='ltr'>mum</span> <span class='ocrx_word' id='word_1_182' title='bbox 216 2287 251 2340; x_wconf 82' lang='lat' dir='ltr'>A.</span> <span class='ocrx_word' id='word_1_183' title='bbox 266 2311 303 2322; x_wconf 95' lang='lat'>-</span> <span class='ocrx_word' id='word_1_184' title='bbox 320 2283 390 2341; x_wconf 81' lang='grc'>744.</span> <span class='ocrx_word' id='word_1_185' title='bbox 409 2282 502 2356; x_wconf 75' lang='lat' dir='ltr'>opust</span> <span class='ocrx_word' id='word_1_186' title='bbox 512 2281 564 2352; x_wconf 82' lang='lat' dir='ltr'>a.;</span> <span class='ocrx_word' id='word_1_187' title='bbox 589 2281 652 2340; x_wconf 88' lang='lat' dir='ltr'>Fl.:</span> <span class='ocrx_word' id='word_1_188' title='bbox 673 2301 766 2357; x_wconf 84' lang='lat' dir='ltr'><strong>„opus</strong></span> <span class='ocrx_word' id='word_1_189' title='bbox 779 2283 817 2339; x_wconf 87' lang='lat' dir='ltr'>sit</span> <span class='ocrx_word' id='word_1_190' title='bbox 836 2281 921 2340; x_wconf 85' lang='lat' dir='ltr'>dulce</span> <span class='ocrx_word' id='word_1_191' title='bbox 933 2280 998 2340; x_wconf 89' lang='lat' dir='ltr'>ut“.</span> <span class='ocrx_word' id='word_1_192' title='bbox 1033 2283 1142 2342; x_wconf 90' lang='lat' dir='ltr'><strong>Locum</strong></span> <span class='ocrx_word' id='word_1_193' title='bbox 1156 2283 1243 2342; x_wconf 80' lang='lat' dir='ltr'>affert</span> 
     </span>
     <span class='ocr_line' id='line_1_19' title="bbox 117 2383 1243 2462; baseline 0.001 -19"><span class='ocrx_word' id='word_1_194' title='bbox 117 2386 236 2444; x_wconf 83' lang='lat' dir='ltr'>Plinius</span> <span class='ocrx_word' id='word_1_195' title='bbox 261 2385 296 2442; x_wconf 86' lang='grc' dir='ltr'>Η.</span> <span class='ocrx_word' id='word_1_196' title='bbox 320 2384 356 2442; x_wconf 83' lang='lat' dir='ltr'>N.</span> <span class='ocrx_word' id='word_1_197' title='bbox 375 2383 452 2457; x_wconf 84' lang='lat' dir='ltr'>XIV,</span> <span class='ocrx_word' id='word_1_198' title='bbox 479 2385 517 2441; x_wconf 87' lang='grc'>93</span> <span class='ocrx_word' id='word_1_199' title='bbox 541 2386 597 2441; x_wconf 87' lang='lat' dir='ltr'><strong>sic:</strong></span> <span class='ocrx_word' id='word_1_200' title='bbox 625 2383 729 2458; x_wconf 81' lang='lat' dir='ltr'><strong>„Quod</strong></span> <span class='ocrx_word' id='word_1_201' title='bbox 752 2385 777 2442; x_wconf 88' lang='lat' dir='ltr'>si</span> <span class='ocrx_word' id='word_1_202' title='bbox 800 2403 873 2460; x_wconf 85' lang='lat' dir='ltr'>opus</span> <span class='ocrx_word' id='word_1_203' title='bbox 896 2391 941 2441; x_wconf 88' lang='lat' dir='ltr'>est</span> <span class='ocrx_word' id='word_1_204' title='bbox 963 2389 996 2443; x_wconf 90' lang='lat' dir='ltr'>ut</span> <span class='ocrx_word' id='word_1_205' title='bbox 1017 2385 1102 2444; x_wconf 92' lang='lat' dir='ltr'>dulce</span> <span class='ocrx_word' id='word_1_206' title='bbox 1124 2391 1243 2462; x_wconf 83' lang='lat' dir='ltr'>promat</span> 
     </span>
     <span class='ocr_line' id='line_1_20' title="bbox 118 2482 1242 2565; baseline -0.001 -18"><span class='ocrx_word' id='word_1_207' title='bbox 118 2488 149 2547; x_wconf 87' lang='lat' dir='ltr'>id</span> <span class='ocrx_word' id='word_1_208' title='bbox 171 2482 205 2560; x_wconf 68' lang='lat' dir='ltr'>E,</span> <span class='ocrx_word' id='word_1_209' title='bbox 229 2487 335 2565; x_wconf 82' lang='lat' dir='ltr'><strong>ecquid</strong></span> <span class='ocrx_word' id='word_1_210' title='bbox 357 2484 468 2545; x_wconf 85' lang='lat' dir='ltr'>habet?</span> <span class='ocrx_word' id='word_1_211' title='bbox 491 2485 582 2564; x_wconf 82' lang='lat' dir='ltr'>Roga.</span> <span class='ocrx_word' id='word_1_212' title='bbox 622 2486 787 2546; x_wconf 83' lang='lat' dir='ltr'><strong>Murrinam</strong></span> <span class='ocrx_word' id='word_1_213' title='bbox 809 2507 930 2564; x_wconf 84' lang='lat' dir='ltr'><strong>passum</strong></span> <span class='ocrx_word' id='word_1_214' title='bbox 953 2487 1101 2546; x_wconf 78' lang='lat' dir='ltr'><strong>defrutum</strong></span> <span class='ocrx_word' id='word_1_215' title='bbox 1125 2485 1242 2546; x_wconf 85' lang='lat' dir='ltr'>mella“.</span> 
     </span>
     <span class='ocr_line' id='line_1_21' title="bbox 120 2585 1242 2672; baseline -0.002 -21"><span class='ocrx_word' id='word_1_216' title='bbox 120 2585 308 2651; x_wconf 78' lang='lat' dir='ltr'>Murrt&#39;oam</span> <span class='ocrx_word' id='word_1_217' title='bbox 324 2591 467 2672; x_wconf 87' lang='lat' dir='ltr'>docuerat</span> <span class='ocrx_word' id='word_1_218' title='bbox 483 2591 529 2648; x_wconf 87' lang='lat' dir='ltr'>bis</span> <span class='ocrx_word' id='word_1_219' title='bbox 549 2609 566 2648; x_wconf 87' lang='lat' dir='ltr'><strong>a</strong></span> <span class='ocrx_word' id='word_1_220' title='bbox 582 2587 677 2649; x_wconf 75' lang='lat' dir='ltr'><strong>Fabio</strong></span> <span class='ocrx_word' id='word_1_221' title='bbox 690 2588 843 2649; x_wconf 84' lang='lat' dir='ltr'>Dossenuo</span> <span class='ocrx_word' id='word_1_222' title='bbox 861 2593 1096 2649; x_wconf 86' lang='lat' dir='ltr'>commemorari:</span> <span class='ocrx_word' id='word_1_223' title='bbox 1125 2589 1242 2664; x_wconf 84' lang='lat' dir='ltr'>„Mitte-</span> 
     </span>
     <span class='ocr_line' id='line_1_22' title="bbox 119 2691 1244 2769; baseline -0.001 -16"><span class='ocrx_word' id='word_1_224' title='bbox 119 2694 186 2753; x_wconf 81' lang='lat' dir='ltr'>bam</span> <span class='ocrx_word' id='word_1_225' title='bbox 210 2696 309 2752; x_wconf 83' lang='lat' dir='ltr'><strong>vinnm</strong></span> <span class='ocrx_word' id='word_1_226' title='bbox 333 2692 499 2769; x_wconf 86' lang='lat' dir='ltr'><strong>pulchrum,</strong></span> <span class='ocrx_word' id='word_1_227' title='bbox 522 2695 694 2766; x_wconf 86' lang='lat' dir='ltr'><strong>murrinam,</strong></span> <span class='ocrx_word' id='word_1_228' title='bbox 719 2693 801 2750; x_wconf 86' lang='lat' dir='ltr'>etin</span> <span class='ocrx_word' id='word_1_229' title='bbox 823 2691 1043 2750; x_wconf 79' lang='lat' dir='ltr'><strong>Acharistione:</strong></span> <span class='ocrx_word' id='word_1_230' title='bbox 1081 2691 1190 2752; x_wconf 88' lang='lat' dir='ltr'><strong>Panem</strong></span> <span class='ocrx_word' id='word_1_231' title='bbox 1213 2699 1244 2752; x_wconf 84' lang='lat' dir='ltr'>et</span> 
     </span>
     <span class='ocr_line' id='line_1_23' title="bbox 79 2790 1244 2874; baseline 0.001 -19"><span class='ocrx_word' id='word_1_232' title='bbox 79 2817 84 2825; x_wconf 91' lang='lat'>·</span> <span class='ocrx_word' id='word_1_233' title='bbox 117 2799 279 2874; x_wconf 80' lang='lat' dir='ltr'>polentam,</span> <span class='ocrx_word' id='word_1_234' title='bbox 302 2798 411 2868; x_wconf 87' lang='lat' dir='ltr'><strong>vinum,</strong></span> <span class='ocrx_word' id='word_1_235' title='bbox 435 2790 626 2869; x_wconf 80' lang='lat' dir='ltr'><strong>marsinam“,</strong></span> <span class='ocrx_word' id='word_1_236' title='bbox 650 2801 679 2852; x_wconf 87' lang='lat' dir='ltr'>et</span> <span class='ocrx_word' id='word_1_237' title='bbox 701 2795 791 2854; x_wconf 79' lang='lat' dir='ltr'><strong>fnisse</strong></span> <span class='ocrx_word' id='word_1_238' title='bbox 810 2797 861 2872; x_wconf 89' lang='lat' dir='ltr'>qui</span> <span class='ocrx_word' id='word_1_239' title='bbox 881 2795 1019 2869; x_wconf 85' lang='lat' dir='ltr'><strong>„vinum“</strong></span> <span class='ocrx_word' id='word_1_240' title='bbox 1041 2795 1244 2870; x_wconf 74' lang='lat' dir='ltr'>intelligerent</span> 
     </span>
     <span class='ocr_line' id='line_1_24' title="bbox 121 2895 1240 2976; baseline -0.002 -17"><span class='ocrx_word' id='word_1_241' title='bbox 121 2899 270 2976; x_wconf 80' lang='lat' dir='ltr'><strong>„myrrha</strong></span> <span class='ocrx_word' id='word_1_242' title='bbox 293 2898 383 2957; x_wconf 87' lang='lat' dir='ltr'>odore</span> <span class='ocrx_word' id='word_1_243' title='bbox 407 2895 590 2973; x_wconf 85' lang='lat' dir='ltr'><strong>conditum“.</strong></span> <span class='ocrx_word' id='word_1_244' title='bbox 646 2898 729 2956; x_wconf 82' lang='lat' dir='ltr'>Talin</span> <span class='ocrx_word' id='word_1_245' title='bbox 748 2917 819 2958; x_wconf 85' lang='lat' dir='ltr'>vero</span> <span class='ocrx_word' id='word_1_246' title='bbox 848 2896 927 2975; x_wconf 92' lang='lat' dir='ltr'>quod</span> <span class='ocrx_word' id='word_1_247' title='bbox 944 2896 1083 2957; x_wconf 86' lang='lat' dir='ltr'>Plautum</span> <span class='ocrx_word' id='word_1_248' title='bbox 1099 2897 1180 2958; x_wconf 83' lang='lat' dir='ltr'>Pers.</span> <span class='ocrx_word' id='word_1_249' title='bbox 1202 2901 1240 2958; x_wconf 80' lang='grc'>87</span> 
     </span>
     <span class='ocr_line' id='line_1_25' title="bbox 119 2999 1243 3079; baseline -0.002 -16"><span class='ocrx_word' id='word_1_250' title='bbox 119 3021 350 3063; x_wconf 85' lang='lat' dir='ltr'>commemorare</span> <span class='ocrx_word' id='word_1_251' title='bbox 382 3007 484 3079; x_wconf 87' lang='lat' dir='ltr'>putat,</span> <span class='ocrx_word' id='word_1_252' title='bbox 523 2999 712 3060; x_wconf 81' lang='lat' dir='ltr'>vehementer</span> <span class='ocrx_word' id='word_1_253' title='bbox 746 3005 841 3074; x_wconf 81' lang='lat' dir='ltr'>errat3</span> <span class='ocrx_word' id='word_1_254' title='bbox 881 3000 1032 3076; x_wconf 82' lang='lat' dir='ltr'>aliquanto</span> <span class='ocrx_word' id='word_1_255' title='bbox 1067 3001 1177 3060; x_wconf 84' lang='lat' dir='ltr'>rectius</span> <span class='ocrx_word' id='word_1_256' title='bbox 1207 3021 1243 3061; x_wconf 84' lang='lat' dir='ltr'>ex</span> 
     </span>
     <span class='ocr_line' id='line_1_26' title="bbox 119 3103 1243 3183; baseline -0.001 -20"><span class='ocrx_word' id='word_1_257' title='bbox 119 3107 148 3164; x_wconf 82' lang='lat' dir='ltr'>h.</span> <span class='ocrx_word' id='word_1_258' title='bbox 172 3107 191 3162; x_wconf 92' lang='lat' dir='ltr'>l.</span> <span class='ocrx_word' id='word_1_259' title='bbox 217 3124 362 3183; x_wconf 84' lang='lat' dir='ltr'>apparere</span> <span class='ocrx_word' id='word_1_260' title='bbox 390 3106 431 3162; x_wconf 86' lang='lat' dir='ltr'>ait</span> <span class='ocrx_word' id='word_1_261' title='bbox 459 3123 519 3162; x_wconf 94' lang='lat' dir='ltr'>non</span> <span class='ocrx_word' id='word_1_262' title='bbox 548 3105 626 3161; x_wconf 89' lang='lat' dir='ltr'>inter</span> <span class='ocrx_word' id='word_1_263' title='bbox 659 3104 726 3160; x_wconf 82' lang='lat' dir='ltr'>vine</span> <span class='ocrx_word' id='word_1_264' title='bbox 754 3103 840 3162; x_wconf 86' lang='lat' dir='ltr'>modo</span> <span class='ocrx_word' id='word_1_265' title='bbox 868 3103 1045 3177; x_wconf 84' lang='lat' dir='ltr'><strong>murrinam,</strong></span> <span class='ocrx_word' id='word_1_266' title='bbox 1079 3105 1131 3164; x_wconf 88' lang='lat' dir='ltr'>aed</span> <span class='ocrx_word' id='word_1_267' title='bbox 1162 3105 1243 3162; x_wconf 85' lang='lat' dir='ltr'>inter</span> 
     </span>
     <span class='ocr_line' id='line_1_27' title="bbox 120 3204 1242 3284; baseline 0 -18"><span class='ocrx_word' id='word_1_268' title='bbox 120 3208 221 3268; x_wconf 89' lang='lat' dir='ltr'><strong>dulcia</strong></span> <span class='ocrx_word' id='word_1_269' title='bbox 243 3227 360 3284; x_wconf 88' lang='lat' dir='ltr'>qnoque</span> <span class='ocrx_word' id='word_1_270' title='bbox 382 3209 573 3266; x_wconf 72' lang='lat' dir='ltr'>conuiuatum.</span> <span class='ocrx_word' id='word_1_271' title='bbox 618 3204 678 3263; x_wconf 89' lang='lat' dir='ltr'>Nec</span> <span class='ocrx_word' id='word_1_272' title='bbox 703 3205 791 3264; x_wconf 77' lang='lat' dir='ltr'>aliter</span> <span class='ocrx_word' id='word_1_273' title='bbox 808 3205 882 3266; x_wconf 87' lang='lat' dir='ltr'>Gell.</span> <span class='ocrx_word' id='word_1_274' title='bbox 902 3205 938 3280; x_wconf 82' lang='lat' dir='ltr'>X,</span> <span class='ocrx_word' id='word_1_275' title='bbox 958 3208 1008 3280; x_wconf 81' lang='lat'>23,</span> <span class='ocrx_word' id='word_1_276' title='bbox 1034 3208 1066 3266; x_wconf 73' lang='lat' dir='ltr'>t:</span> <span class='ocrx_word' id='word_1_277' title='bbox 1095 3227 1242 3284; x_wconf 64' lang='lat' dir='ltr'>,pessum</span> 
     </span>
     <span class='ocr_line' id='line_1_28' title="bbox 119 3307 1243 3388; baseline -0.002 -18"><span class='ocrx_word' id='word_1_278' title='bbox 119 3313 283 3370; x_wconf 84' lang='lat' dir='ltr'><strong>murrinam</strong></span> <span class='ocrx_word' id='word_1_279' title='bbox 300 3317 330 3368; x_wconf 89' lang='lat' dir='ltr'>et</span> <span class='ocrx_word' id='word_1_280' title='bbox 348 3329 413 3386; x_wconf 82' lang='lat' dir='ltr'>quae</span> <span class='ocrx_word' id='word_1_281' title='bbox 430 3311 459 3366; x_wconf 91' lang='lat' dir='ltr'>id</span> <span class='ocrx_word' id='word_1_282' title='bbox 479 3329 573 3386; x_wconf 84' lang='lat' dir='ltr'><strong>genus</strong></span> <span class='ocrx_word' id='word_1_283' title='bbox 590 3313 709 3367; x_wconf 86' lang='lat' dir='ltr'>exstant</span> <span class='ocrx_word' id='word_1_284' title='bbox 724 3311 797 3385; x_wconf 85' lang='lat' dir='ltr'>potu</span> <span class='ocrx_word' id='word_1_285' title='bbox 814 3307 942 3368; x_wconf 85' lang='lat' dir='ltr'><strong>dulcia“.</strong></span> <span class='ocrx_word' id='word_1_286' title='bbox 989 3309 1098 3369; x_wconf 82' lang='lat' dir='ltr'>Graecia</span> <span class='ocrx_word' id='word_1_287' title='bbox 1113 3315 1243 3388; x_wconf 76' lang='grc' dir='ltr'>μυρρίνης</span> 
     </span>
     <span class='ocr_line' id='line_1_29' title="bbox 120 3406 1241 3490; baseline -0.002 -17"><span class='ocrx_word' id='word_1_288' title='bbox 120 3413 404 3490; x_wconf 83' lang='lat' dir='ltr'>dicebatu1·,iisquc</span> <span class='ocrx_word' id='word_1_289' title='bbox 427 3412 545 3485; x_wconf 87' lang='lat' dir='ltr'>accedo,</span> <span class='ocrx_word' id='word_1_290' title='bbox 569 3413 620 3489; x_wconf 90' lang='lat' dir='ltr'>qni</span> <span class='ocrx_word' id='word_1_291' title='bbox 642 3410 699 3470; x_wconf 90' lang='lat' dir='ltr'>hcc</span> <span class='ocrx_word' id='word_1_292' title='bbox 720 3431 827 3470; x_wconf 87' lang='lat' dir='ltr'>nomen</span> <span class='ocrx_word' id='word_1_293' title='bbox 850 3433 865 3470; x_wconf 89' lang='grc' dir='ltr'>ιι</span> <span class='ocrx_word' id='word_1_294' title='bbox 890 3418 987 3488; x_wconf 87' lang='lat' dir='ltr'>myrto</span> <span class='ocrx_word' id='word_1_295' title='bbox 1005 3406 1160 3490; x_wconf 73' lang='grc' dir='ltr'>(μυρρίνης)</span> <span class='ocrx_word' id='word_1_296' title='bbox 1183 3415 1241 3474; x_wconf 86' lang='lat' dir='ltr'><strong>dic·</strong></span> 
     </span>
     <span class='ocr_line' id='line_1_30' title="bbox 120 3509 1241 3592; baseline 0.001 -19"><span class='ocrx_word' id='word_1_297' title='bbox 120 3523 183 3576; x_wconf 90' lang='lat' dir='ltr'>tum</span> <span class='ocrx_word' id='word_1_298' title='bbox 206 3521 322 3592; x_wconf 87' lang='lat' dir='ltr'>putant,</span> <span class='ocrx_word' id='word_1_299' title='bbox 347 3521 460 3574; x_wconf 90' lang='lat' dir='ltr'>utnon</span> <span class='ocrx_word' id='word_1_300' title='bbox 484 3513 605 3574; x_wconf 86' lang='lat' dir='ltr'>differat</span> <span class='ocrx_word' id='word_1_301' title='bbox 628 3535 645 3572; x_wconf 81' lang='lat' dir='ltr'>e</span> <span class='ocrx_word' id='word_1_302' title='bbox 666 3517 734 3573; x_wconf 82' lang='lat' dir='ltr'>vino</span> <span class='ocrx_word' id='word_1_303' title='bbox 752 3520 867 3590; x_wconf 81' lang='lat' dir='ltr'>myrteo</span> <span class='ocrx_word' id='word_1_304' title='bbox 886 3509 963 3591; x_wconf 82' lang='lat' dir='ltr'>(Cat.</span> <span class='ocrx_word' id='word_1_305' title='bbox 981 3513 1016 3573; x_wconf 84' lang='lat' dir='ltr'>R.</span> <span class='ocrx_word' id='word_1_306' title='bbox 1030 3513 1064 3573; x_wconf 88' lang='lat' dir='ltr'>R.</span> <span class='ocrx_word' id='word_1_307' title='bbox 1089 3517 1157 3590; x_wconf 81' lang='lat'>125,</span> <span class='ocrx_word' id='word_1_308' title='bbox 1180 3513 1241 3591; x_wconf 84' lang='lat' dir='ltr'>ul.),</span> 
     </span>
     <span class='ocr_line' id='line_1_31' title="bbox 120 3619 1239 3697; baseline -0.001 -20"><span class='ocrx_word' id='word_1_309' title='bbox 120 3619 198 3697; x_wconf 88' lang='lat' dir='ltr'>quod</span> <span class='ocrx_word' id='word_1_310' title='bbox 224 3625 359 3676; x_wconf 78' lang='lat' dir='ltr'>accurate</span> <span class='ocrx_word' id='word_1_311' title='bbox 384 3620 513 3691; x_wconf 79' lang='lat' dir='ltr'>exigenti</span> <span class='ocrx_word' id='word_1_312' title='bbox 541 3621 641 3676; x_wconf 87' lang='lat' dir='ltr'><strong>viuum</strong></span> <span class='ocrx_word' id='word_1_313' title='bbox 665 3637 722 3676; x_wconf 94' lang='lat' dir='ltr'>non</span> <span class='ocrx_word' id='word_1_314' title='bbox 751 3623 816 3674; x_wconf 82' lang='lat' dir='ltr'>enat</span> <span class='ocrx_word' id='word_1_315' title='bbox 845 3627 875 3675; x_wconf 87' lang='lat' dir='ltr'>et</span> <span class='ocrx_word' id='word_1_316' title='bbox 908 3637 984 3694; x_wconf 89' lang='lat' dir='ltr'><strong>„quc</strong></span> <span class='ocrx_word' id='word_1_317' title='bbox 1012 3637 1169 3695; x_wconf 79' lang='lat' dir='ltr'><strong>numquam</strong></span> <span class='ocrx_word' id='word_1_318' title='bbox 1194 3620 1239 3676; x_wconf 92' lang='lat' dir='ltr'>in-</span> 
     </span>
     <span class='ocr_line' id='line_1_32' title="bbox 120 3714 1241 3798; baseline 0.001 -18"><span class='ocrx_word' id='word_1_319' title='bbox 120 3718 331 3780; x_wconf 82' lang='lat' dir='ltr'>ebriabantur“</span> <span class='ocrx_word' id='word_1_320' title='bbox 364 3715 453 3798; x_wconf 89' lang='lat' dir='ltr'>(Plin.</span> <span class='ocrx_word' id='word_1_321' title='bbox 478 3721 514 3778; x_wconf 87' lang='grc' dir='ltr'>Η.</span> <span class='ocrx_word' id='word_1_322' title='bbox 539 3719 574 3779; x_wconf 83' lang='grc' dir='ltr'>Ν.</span> <span class='ocrx_word' id='word_1_323' title='bbox 598 3718 715 3792; x_wconf 86' lang='lat' dir='ltr'>XXIII,</span> <span class='ocrx_word' id='word_1_324' title='bbox 754 3714 837 3796; x_wconf 90' lang='grc'>161).</span> <span class='ocrx_word' id='word_1_325' title='bbox 893 3719 1022 3778; x_wconf 86' lang='lat' dir='ltr'><strong>Auditur</strong></span> <span class='ocrx_word' id='word_1_326' title='bbox 1052 3725 1151 3780; x_wconf 87' lang='lat' dir='ltr'><strong>autam</strong></span> <span class='ocrx_word' id='word_1_327' title='bbox 1182 3741 1241 3781; x_wconf 91' lang='lat' dir='ltr'>non</span> 
     </span>
     <span class='ocr_line' id='line_1_33' title="bbox 120 3803 1241 3902; baseline 0 -18"><span class='ocrx_word' id='word_1_328' title='bbox 120 3827 219 3884; x_wconf 88' lang='lat' dir='ltr'><strong>vinum</strong></span> <span class='ocrx_word' id='word_1_329' title='bbox 243 3803 295 3882; x_wconf 82' lang='lat' dir='ltr'>sed</span> <span class='ocrx_word' id='word_1_330' title='bbox 323 3826 415 3900; x_wconf 86' lang='lat' dir='ltr'>potio.</span> <span class='ocrx_word' id='word_1_331' title='bbox 474 3822 545 3894; x_wconf 74' lang='lat' dir='ltr'>Qua</span> <span class='ocrx_word' id='word_1_332' title='bbox 567 3821 682 3882; x_wconf 86' lang='lat' dir='ltr'><strong>Nonius</strong></span> <span class='ocrx_word' id='word_1_333' title='bbox 710 3843 740 3900; x_wconf 90' lang='lat' dir='ltr'>p.</span> <span class='ocrx_word' id='word_1_334' title='bbox 767 3823 824 3881; x_wconf 82' lang='lat'>551</span> <span class='ocrx_word' id='word_1_335' title='bbox 851 3843 886 3880; x_wconf 85' lang='lat' dir='ltr'>ex</span> <span class='ocrx_word' id='word_1_336' title='bbox 909 3822 1055 3896; x_wconf 83' lang='lat' dir='ltr'>Varrone,</span> <span class='ocrx_word' id='word_1_337' title='bbox 1091 3826 1140 3902; x_wconf 92' lang='lat' dir='ltr'>qni</span> <span class='ocrx_word' id='word_1_338' title='bbox 1164 3825 1241 3884; x_wconf 90' lang='lat' dir='ltr'><strong>hunc</strong></span> 
     </span>
     <span class='ocr_line' id='line_1_34' title="bbox 120 3925 1240 4002; baseline 0.002 -16"><span class='ocrx_word' id='word_1_339' title='bbox 120 3947 237 3986; x_wconf 83' lang='lat' dir='ltr'><strong>versum</strong></span> <span class='ocrx_word' id='word_1_340' title='bbox 262 3927 422 4000; x_wconf 79' lang='lat' dir='ltr'>citaverat,</span> <span class='ocrx_word' id='word_1_341' title='bbox 447 3925 547 3998; x_wconf 87' lang='lat' dir='ltr'>affert,</span> <span class='ocrx_word' id='word_1_342' title='bbox 571 3926 659 3984; x_wconf 82' lang='lat' dir='ltr'><strong>nimis</strong></span> <span class='ocrx_word' id='word_1_343' title='bbox 682 3925 806 3984; x_wconf 84' lang='lat' dir='ltr'><strong>obscura</strong></span> <span class='ocrx_word' id='word_1_344' title='bbox 828 3931 906 3984; x_wconf 87' lang='lat' dir='ltr'><strong>sunt.</strong></span> <span class='ocrx_word' id='word_1_345' title='bbox 933 3956 968 3965; x_wconf 92' lang='lat'>-</span> <span class='ocrx_word' id='word_1_346' title='bbox 986 3940 1129 4002; x_wconf 71' lang='lat' dir='ltr'>passum.</span> <span class='ocrx_word' id='word_1_347' title='bbox 1164 3927 1240 3989; x_wconf 87' lang='lat' dir='ltr'>Non.</span> 
     </span>
     <span class='ocr_line' id='line_1_35' title="bbox 120 4027 1240 4106; baseline 0.001 -17"><span class='ocrx_word' id='word_1_348' title='bbox 120 4032 200 4090; x_wconf 84' lang='lat'>1.1.:</span> <span class='ocrx_word' id='word_1_349' title='bbox 240 4028 352 4102; x_wconf 78' lang='lat' dir='ltr'>,Varro</span> <span class='ocrx_word' id='word_1_350' title='bbox 376 4028 412 4086; x_wconf 88' lang='lat' dir='ltr'>de</span> <span class='ocrx_word' id='word_1_351' title='bbox 437 4028 498 4087; x_wconf 85' lang='lat' dir='ltr'>vita</span> <span class='ocrx_word' id='word_1_352' title='bbox 525 4049 554 4105; x_wconf 90' lang='lat' dir='ltr'>p.</span> <span class='ocrx_word' id='word_1_353' title='bbox 580 4027 613 4088; x_wconf 78' lang='lat' dir='ltr'>R.</span> <span class='ocrx_word' id='word_1_354' title='bbox 638 4028 688 4087; x_wconf 89' lang='lat' dir='ltr'>lib.</span> <span class='ocrx_word' id='word_1_355' title='bbox 713 4029 739 4086; x_wconf 93' lang='lat' dir='ltr'>I:</span> <span class='ocrx_word' id='word_1_356' title='bbox 775 4048 894 4105; x_wconf 85' lang='lat' dir='ltr'><strong>passum</strong></span> <span class='ocrx_word' id='word_1_357' title='bbox 917 4029 1127 4106; x_wconf 88' lang='lat' dir='ltr'>nominabant,</span> <span class='ocrx_word' id='word_1_358' title='bbox 1162 4033 1240 4090; x_wconf 86' lang='lat' dir='ltr'><strong>siin</strong></span> 
     </span>
     <span class='ocr_line' id='line_1_36' title="bbox 120 4128 1241 4209; baseline 0 -17"><span class='ocrx_word' id='word_1_359' title='bbox 120 4133 269 4192; x_wconf 79' lang='lat' dir='ltr'><strong>vindemia</strong></span> <span class='ocrx_word' id='word_1_360' title='bbox 292 4151 377 4190; x_wconf 84' lang='lat' dir='ltr'><strong>uvam</strong></span> <span class='ocrx_word' id='word_1_361' title='bbox 401 4131 513 4191; x_wconf 86' lang='lat' dir='ltr'><strong>diutius</strong></span> <span class='ocrx_word' id='word_1_362' title='bbox 536 4137 646 4190; x_wconf 84' lang='lat' dir='ltr'>coctam</span> <span class='ocrx_word' id='word_1_363' title='bbox 670 4131 816 4208; x_wconf 83' lang='lat' dir='ltr'>legerent,</span> <span class='ocrx_word' id='word_1_364' title='bbox 846 4151 968 4209; x_wconf 83' lang='lat' dir='ltr'>eamque</span> <span class='ocrx_word' id='word_1_365' title='bbox 990 4133 1069 4208; x_wconf 85' lang='lat' dir='ltr'><strong>passi</strong></span> <span class='ocrx_word' id='word_1_366' title='bbox 1093 4139 1191 4190; x_wconf 85' lang='lat' dir='ltr'>essent</span> <span class='ocrx_word' id='word_1_367' title='bbox 1207 4128 1241 4206; x_wconf 80' lang='lat' dir='ltr'>(l)</span> 
     </span>
     <span class='ocr_line' id='line_1_37' title="bbox 122 4230 1240 4310; baseline 0.003 -18"><span class='ocrx_word' id='word_1_368' title='bbox 122 4237 148 4293; x_wconf 92' lang='lat' dir='ltr'>in</span> <span class='ocrx_word' id='word_1_369' title='bbox 183 4235 244 4293; x_wconf 78' lang='lat' dir='ltr'>sole</span> <span class='ocrx_word' id='word_1_370' title='bbox 274 4230 394 4306; x_wconf 83' lang='lat' dir='ltr'><strong>aduri“;</strong></span> <span class='ocrx_word' id='word_1_371' title='bbox 430 4234 465 4294; x_wconf 83' lang='lat' dir='ltr'>cl.</span> <span class='ocrx_word' id='word_1_372' title='bbox 494 4233 607 4295; x_wconf 83' lang='lat' dir='ltr'>Colum.</span> <span class='ocrx_word' id='word_1_373' title='bbox 631 4233 704 4310; x_wconf 90' lang='lat' dir='ltr'>XII,</span> <span class='ocrx_word' id='word_1_374' title='bbox 742 4237 789 4294; x_wconf 87' lang='grc'>39.</span> <span class='ocrx_word' id='word_1_375' title='bbox 845 4235 958 4293; x_wconf 84' lang='lat' dir='ltr'>Eodem</span> <span class='ocrx_word' id='word_1_376' title='bbox 989 4235 1106 4293; x_wconf 84' lang='lat' dir='ltr'>nominc</span> <span class='ocrx_word' id='word_1_377' title='bbox 1139 4236 1240 4295; x_wconf 88' lang='lat' dir='ltr'><strong>vinum</strong></span> 
     </span>
     <span class='ocr_line' id='line_1_38' title="bbox 121 4336 1238 4415; baseline 0.004 -19"><span class='ocrx_word' id='word_1_378' title='bbox 121 4339 326 4396; x_wconf 81' lang='lat' dir='ltr'><strong>secundm-ium</strong></span> <span class='ocrx_word' id='word_1_379' title='bbox 357 4339 540 4413; x_wconf 86' lang='lat' dir='ltr'>appellatum</span> <span class='ocrx_word' id='word_1_380' title='bbox 565 4357 627 4396; x_wconf 86' lang='lat' dir='ltr'>esse</span> <span class='ocrx_word' id='word_1_381' title='bbox 650 4343 779 4396; x_wconf 83' lang='lat' dir='ltr'>testetur</span> <span class='ocrx_word' id='word_1_382' title='bbox 802 4337 875 4396; x_wconf 84' lang='lat' dir='ltr'>Ptin.</span> <span class='ocrx_word' id='word_1_383' title='bbox 901 4337 936 4395; x_wconf 90' lang='lat' dir='ltr'>H.</span> <span class='ocrx_word' id='word_1_384' title='bbox 961 4337 996 4397; x_wconf 89' lang='lat' dir='ltr'>N.</span> <span class='ocrx_word' id='word_1_385' title='bbox 1019 4336 1101 4411; x_wconf 86' lang='lat' dir='ltr'>XIV,</span> <span class='ocrx_word' id='word_1_386' title='bbox 1132 4339 1170 4396; x_wconf 78' lang='lat'>82</span> <span class='ocrx_word' id='word_1_387' title='bbox 1195 4360 1238 4415; x_wconf 87' lang='lat' dir='ltr'>sq.</span> 
     </span>
    </p>
   </div>
   <div class='ocr_carea' id='block_1_4' title="bbox 0 0 1510 5000">
    <p class='ocr_par' dir='ltr' id='par_1_4' title="bbox 0 0 1510 5000">
     <span class='ocr_line' id='line_1_39' title="bbox 0 0 1510 5000; baseline 0 0"><span class='ocrx_word' id='word_1_388' title='bbox 0 0 1510 5000; x_wconf 95' lang='lat' dir='ltr'> </span> 
     </span>
    </p>
   </div>
  </div>
 </body>
</html>
