2932 5008
776 433 867 487 Plauti
1178 431 1214 500 11,
1232 435 1254 498 3,
1271 432 1363 484 57-68

730 622 923 707 Demipho

453 727 560 805 Quid?
584 751 624 794 ea
646 739 683 794 ut
705 729 838 796 uidetur
861 731 1000 796 mulier?

730 883 931 951 Charinus

1046 993 1116 1058 Non
1141 993 1255 1077 edepol
1277 991 1359 1055 mala.

627 1175 634 1198 ·
730 1147 924 1231 Demipho

280 1256 324 1322 Ut
346 1255 525 1320 moratast?

731 1407 931 1476 Charinus
1055 1485 1057 1490 ,

601 1516 730 1582 Nullam
755 1519 824 1584 uidi
847 1519 962 1584 melius
985 1541 1056 1584 mea
1078 1522 1248 1585 sententia.

731 1673 925 1756 Demipho

279 1781 359 1845 Mihi
382 1781 513 1864 quidem
535 1780 610 1844 item
634 1781 751 1864 edepol
775 1783 847 1846 uisa
871 1789 929 1858 est,
953 1803 1050 1866 quom
1073 1782 1164 1848 illam
1187 1783 1263 1848 uidi.

732 1933 932 2002 Charinus

956 2043 1027 2110 Eho
1051 2066 1091 2110 an
1114 2045 1238 2122 uidisti,
1261 2043 1363 2128 pater?

732 2199 846 2264 Demi
884 2199 933 2265 ho

280 2305 370 2386 Uidi;
392 2303 505 2370 uerum
529 2328 593 2371 non
617 2327 656 2370 ex
680 2329 742 2372 ueu
765 2221 878 2373 nostrl)
901 2317 952 2373 est
975 2331 1081 2392 neque
1104 2309 1188 2375 adeo
1211 2305 1322 2392 placati

734 2482 931 2550 Charinus

282 2593 345 2671 Qui
367 2592 467 2657 uero?

733 2747 926 2830 Demipho
1441 2787 1442 2790 ¹

335 2853 419 2932 Quia
441 2857 524 2918 enim
546 2875 609 2918 non
633 2863 742 2919 nostra
768 2853 904 2920 formam
928 2855 1029 2920 hahet
1052 2857 1181 2939 dignam
1206 2859 1307 2920 domo.
1325 2871 1366 2924 890
1441 2795 1442 2841 l

281 2963 370 3028 Nihil
393 2985 475 3046 opus
498 2962 593 3027 nobis
617 2963 747 3041 aneilla,
771 2965 831 3026 nisi
857 2985 940 3046 quae
964 2973 1063 3042 texat,
1087 2985 1171 3048 quae
1195 2966 1303 3042 molat,

281 3071 416 3154 Lignum
442 3071 568 3147 caedat,
592 3072 720 3154 pineum
743 3071 852 3148 faciat,
876 3071 966 3136 aedis
989 3073 1279 3156 ue1·rat‚uapulet‚

283 3180 373 3257 Quae
396 3179 518 3245 habeat
540 3179 741 3244 cotidianum
763 3180 906 3245 familiae
929 3189 1055 3246 coetum
1080 3183 1199 3246 eibum.

281 3287 416 3352 Horune
439 3287 497 3352 illa
519 3288 653 3352 nihilum
678 3287 855 3372 quidquam
880 3288 986 3354 faeere
1010 3291 1131 3372 poterit
1153 3290 1331 3355 admodum.

734 3441 935 3507 Charinus

282 3551 332 3615 Ea
353 3571 454 3615 eausa
482 3550 632 3633 equidem
662 3550 751 3616 illam
782 3551 858 3628 emi,
893 3549 977 3616 dono
1008 3573 1107 3634 quam
1137 3551 1250 3618 darem
1283 3551 1366 3616 matri

1098 3681 1200 3726 meae.
1327 3675 1367 3731 aab

733 3813 929 3898 Demipho

281 3922 329 3986 No
354 3923 436 3986 duas
461 3944 522 3985 neu
546 3929 578 3986 te
602 3922 774 3986 aduexisse
798 3923 928 3986 dixeris.
953 3923 1058 3986 -Di
1084 3945 1133 3986 me
1158 3923 1326 4000 adiuuanl;

281 4031 459 4094 Labefacto
484 4031 653 4112 paulatim.
743 4030 872 4108 Uerum,
896 4031 982 4115 quod
1009 4033 1163 4113 praeterii
1187 4032 1302 4108 dicere,

350 4271 401 4324 388
420 4271 485 4322 item
503 4286 552 4324 oen.
624 4270 673 4322 389
693 4275 789 4323 noaino
808 4270 867 4324 eine
887 4268 984 4338 queB
1053 4272 1104 4323 390
1121 4271 1188 4337 quia
1205 4287 1261 4324 non
1323 4270 1367 4322 399

282 4373 398 4422 peneum
484 4358 535 4408 394
552 4355 656 4407 Horum
677 4357 777 4408 ancilia
796 4355 862 4408 nihil
881 4373 1010 4424 nmquam
1029 4354 1057 4409 B
1134 4357 1184 4408 395
1204 4357 1278 4410 illam
1295 4353 1366 4408 miB
1436 4423 1437 4430 ἵ

281 4441 332 4493 396
349 4437 455 4493 Netuae
469 4437 497 4492 B
565 4455 636 4493 neue
705 4439 758 4493 GH.
779 4440 807 4493 di
876 4442 926 4494 399
944 4441 1001 4494 DE.
1021 4440 1175 4495 Labefacto
