2978 5004
286 461 349 526 250
710 460 791 516 Miles
809 461 956 530 gloriosus.
983 515 987 524 ,

285 651 428 714 Cevellin.
441 653 543 714 Tidsh.
556 655 576 714 f.
589 654 695 714 Philol.
719 677 748 716 u.
766 677 788 716 s.
811 655 825 714 1
847 677 876 736 p.
891 658 950 718 265
974 663 1108 718 enei-ret:
1136 679 1190 727 „ex
1213 678 1249 718 eo
1273 655 1388 736 quod“.

285 756 392 816 Luohs.
423 757 522 816 Herm.
546 757 619 816 XIII
652 779 680 836 p.
712 762 770 818 501
804 755 922 836 „quie“.
967 761 1066 820 Facile
1097 761 1215 821 credam
1243 759 1389 820 Guietum

284 865 315 918 et
331 857 366 918 R.
385 865 464 919 reete
488 863 656 940 scripsisse:
683 862 777 936 „Mihi
798 863 908 922 soleest
930 863 1010 940 quod
1032 860 1187 942 soperflt¹‘.
1209 893 1250 908 -
1264 867 1328 924 359
1354 863 1388 922 Β.

284 967 315 1022 et
336 960 423 1022 Ribb.
446 981 551 1038 perum
574 969 654 1023 reete
677 964 893 1024 Philocomasio
916 965 997 1028 dent.
1023 995 1061 1008 -
1085 979 1169 1028 nunc
1189 963 1256 1028 iam
1277 967 1316 1024 A.

370 1067 439 1124 360.
467 1059 553 1142 Quid
573 1062 624 1126 616
648 1061 704 1126 lu?
737 1067 772 1140 A,
802 1087 828 1126 v.
853 1069 890 1128 ed
912 1068 1020 1148 Amph.
1044 1071 1115 1130 414.
1140 1099 1180 1112 -
1203 1065 1390 1130 Honorem

282 1181 373 1245 pero,
403 1169 459 1228 hoo
481 1189 549 1246 ego,
579 1189 607 1227 v.
630 1169 667 1228 ed
690 1170 770 1230 Men.
795 1173 865 1232 812.
911 1173 975 1245 Quo
1003 1175 1113 1232 certius
1143 1174 1252 1232 ostium
1275 1177 1388 1244 servet,

283 1291 319 1330 ne
341 1273 489 1350 respicere
508 1273 628 1350 quidem
644 1274 717 1346 vult,
741 1273 793 1332 sed
809 1276 892 1352 loqui
911 1295 977 1334 sum
994 1275 1092 1350 iubet;
1116 1274 1219 1334 666166
1237 1294 1268 1332 66
1286 1293 1387 1351 posse.
1468 1355 1469 1362 ἵ

281 1403 323 1416 -
347 1375 405 1434 361
430 1368 510 1434 istoc
531 1377 567 1435 A.
613 1373 694 1436 istoc
716 1372 865 1453 example,
889 1379 1066 1451 istomodo,
1095 1383 1130 1438 ut
1152 1398 1228 1436 nuno
1250 1383 1324 1451 stes,
1350 1377 1385 1436 es.

283 1479 352 1536 726.
389 1479 459 1537 757.
510 1478 586 1537 1166.
622 1481 691 1538 370.
747 1481 824 1538 infre
864 1483 935 1540 402.
977 1481 1015 1539 ed
1047 1480 1139 1540 Most.
1176 1483 1245 1538 137.
1298 1481 1385 1540 Simi-

281 1579 438 1640 litudioem
472 1587 572 1640 eutem
604 1583 718 1660 praebet
744 1581 871 1642 hominis
900 1586 980 1642 eruoi
1009 1582 1100 1642 affixi.
1124 1613 1166 1624 --
1181 1581 1386 1660 pereundum

160 1751 162 1756 Ι
280 1682 371 1742 extra
399 1683 525 1759 portam
553 1685 587 1743 A.
633 1685 727 1745 Extre
757 1691 874 1764 portem
909 1685 991 1745 urhis
1020 1687 1167 1766 supplicia
1194 1688 1273 1746 seete
1307 1707 1383 1760 esse,

279 1792 386 1864 sponte
408 1788 594 1864 intelligitur.
618 1817 660 1828 -
684 1789 754 1848 362.
779 1782 950 1865 Dispessis
973 1789 1087 1850 Gellius
1109 1790 1174 1864 XV,
1207 1792 1254 1863 15,
1285 1793 1304 1849 4
1329 1791 1383 1850 hos

278 1909 383 1948 versus
405 1890 538 1966 laudens,
562 1897 597 1950 ut
614 1891 786 1951 ostenderet
808 1895 945 1970 antiquos
971 1893 1025 1966 ,eh
1044 1913 1089 1970 so,
1112 1892 1254 1970 quod'eet
1270 1893 1382 1970 pondo,

277 2012 397 2070 pessum
414 1993 532 2067 dixisse,
556 2015 614 2054 non
631 1991 786 2072 pensum“.
824 1995 991 2073 ,Dispessis
1009 1995 1082 2056 dioit
1098 2017 1154 2074 pro
1173 2017 1207 2055 eo
1231 1995 1311 2072 quod
1335 2001 1382 2054 est

279 2093 452 2174 dispessis“.
497 2097 533 2157 of.
557 2098 636 2156 infre
661 2100 751 2158 1399.
785 2128 826 2139 -
852 2091 1034 2174 patibulum
1065 2119 1121 2176 pro
1154 2118 1250 2170 66666,
1284 2119 1313 2157 v.
1343 2098 1380 2156 sd

277 2199 367 2260 Most.
393 2202 442 2260 53.
486 2193 621 2275 habebis,
654 2205 673 2260 i.
698 2221 723 2260 e.
757 2202 888 2276 tenebis3
922 2202 1007 2261 Rihh.
1045 2197 1243 2277 „hebitehis“.
1289 2204 1324 2262 ln
1352 2204 1380 2260 A

279 2300 426 2378 „uidetis“
451 2304 526 2378 legit
547 2303 646 2364 Loew.
669 2333 711 2344 -
735 2306 806 2364 363.
830 2301 901 2381 quis
924 2306 961 2364 de
983 2305 1117 2378 muliere,
1141 2327 1168 2364 v.
1182 2305 1299 2364 edAul.
1317 2307 1376 2364 136

277 2412 307 2465 et
329 2405 410 2464 Brix.
434 2407 472 2465 66
495 2407 523 2465 h.
542 2407 562 2466 l.
606 2407 709 2479 ,illeso
730 2403 814 2484 quis“
839 2413 956 2486 trensp.
980 2407 1067 2467 Both.
1091 2437 1133 2446 -
1156 2409 1225 2468 365.
1250 2403 1377 2484 quando

276 2504 370 2584 lubet,
394 2530 433 2570 se.
456 2511 570 2588 perire;
594 2531 621 2570 v.
647 2512 707 2568 344
731 2530 762 2568 66
784 2511 885 2570 multis
908 2511 1081 2571 verberibus
1104 2509 1227 2586 dignum
1249 2510 1376 2582 dixerat,

276 2615 301 2672 si
323 2613 571 2674 Philocomasium
594 2613 674 2672 domi
701 2619 788 2672 esset.
812 2643 855 2654 -
878 2607 990 2674 Perire
1003 2627 1158 2690 propera,
1188 2612 1268 2690 quod
1297 2615 1328 2673 in
1349 2617 1377 2671 A

275 2720 391 2774 exstere
414 2717 567 2796 comperit,
591 2715 786 2790 Bibheoldus3
812 2713 1030 2796 „perpropere“
1050 2719 1184 2793 ignotum
1203 2715 1374 2775 adverbium

275 2824 328 2880 est.
351 2847 394 2860 —-
418 2821 488 2878 366.
511 2814 573 2880 isle
603 2820 652 2879 est
677 2825 708 2878 el
727 2812 842 2894 probri
863 2821 905 2894 A,
935 2815 1076 2880 maxumi
1097 2819 1211 2879 Acidel.
1236 2847 1277 2858 -
1302 2820 1372 2878 367.

273 2916 346 2996 ΕΜ,
370 2925 388 2981 i.
413 2944 437 2982 e.
462 2941 508 2996 en,
532 2943 641 2995 eccum,
664 2943 692 2982 v.
715 2923 754 2982 sd
775 2921 884 3000 Amph.
910 2924 979 2982 771.
1023 2921 1136 2982 Eodem
1158 2922 1254 2982 forms
1275 2928 1374 2982 exstet

274 3025 305 3082 in
328 3025 394 3085 eod.
417 3023 511 3084 Vetie.
535 3026 594 3085 Cio.
618 3025 725 3102 Philip.
749 3027 784 3099 V,
812 3021 847 3100 ἐξ
873 3028 909 3084 15
933 3033 964 3086 et
986 3027 1035 3084 33.
1080 3025 1283 3084 Palaestrionis
1312 3025 1374 3084 hoee

274 3147 352 3200 esse,
381 3126 494 3188 Oemer.
526 3129 609 3188 vidit.
634 3124 735 3188 -id
761 3149 819 3188 om.
843 3131 879 3204 A,
914 3149 945 3199 v.
965 3127 1059 3206 Gepp.
1091 3127 1176 3186 Stud.
1206 3127 1236 3186 II
1268 3149 1298 3206 p.
1324 3131 1372 3188 25.

274 3229 358 3288 Idem
391 3250 419 3290 v.
443 3231 472 3290 6.
501 3233 532 3290 in
559 3233 587 3290 A
615 3233 702 3308 legit:
738 3231 849 3291 DIXIT
862 3277 951 3292 .....
965 3229 1136 3306 QUIDEM,
1170 3230 1249 3290 unde
1282 3229 1374 3290 efficit

274 3333 355 3410 quod
377 3332 426 3392 Βι·.
450 3337 578 3412 recepit:
615 3334 680 3410 „hio
709 3335 782 3394 mihi
810 3334 886 3394 dixit
915 3322 970 3394 hoo
992 3335 1119 3410 quidem.
1143 3333 1204 3394 PH.
1229 3330 1371 3406 Dixtin“;

273 3435 407 3511 Boggius
430 3437 536 3516 Opuso.
560 3437 597 3496 ed
621 3437 720 3497 hisdv.
744 3459 774 3516 p.
801 3440 875 3498 165:
901 3437 966 3513 ,hio
989 3437 1062 3496 mihi
1085 3439 1161 3498 dlxit
1182 3443 1213 3498 te
1235 3439 1284 3497 hio
1305 3440 1372 3517 qui-

275 3539 341 3598 dem
363 3569 405 3581 -
427 3539 489 3600 Pll.
513 3537 647 3600 Dixtin“.
692 3541 785 3618 Immo
807 3543 838 3602 in
861 3536 946 3602 didit
971 3544 1149 3602 terminetur
1170 3541 1372 3602 Pslaestrionie

274 3645 386 3718 oretio;
419 3645 535 3702 initium
569 3644 780 3704 Philocomasii
813 3646 957 3704 incertum
991 3651 1051 3719 est3
1092 3638 1158 3707 Uae
1189 3637 1247 3704 libi
1274 3648 1370 3724 posui,

273 3765 400 3824 quorum
429 3746 533 3806 ordine
561 3748 678 3807 inverso
701 3750 852 3825 scripture
873 3753 1014 3827 corrupte
1036 3749 1109 3807 oriri
1130 3751 1237 3827 potuit.
1282 3748 1369 3808 Rihh.

277 3849 393 3928 „Tibin,
416 3849 492 3924 hem,
516 3849 613 3910 dixit?
645 3849 710 3909 Tun
733 3871 780 3909 me
802 3851 912 3910 uidisse
935 3853 965 3909 in
986 3871 1132 3929 proxumo
1155 3851 1210 3924 hio,
1238 3851 1371 3926 eoeleste,

273 3957 317 4012 eis
339 3949 562 4013 osoulentem?“
575 3983 618 3993 -
631 3955 701 4012 368.
725 3967 774 4013 me
796 3973 848 4013 suo
871 3955 936 4012 looo
958 3953 1048 4012 hebet
1063 3955 1099 4013 A.
1118 3983 1159 3994 —
1178 3956 1246 4014 370.
1270 3949 1371 4014 hercle

273 4077 309 4115 ex
330 4057 358 4114 A
380 4055 474 4136 Gepp.
494 4055 577 4116 stud.
600 4055 630 4114 II
651 4077 681 4135 p.
701 4057 749 4116 26.
773 4087 816 4098 -
839 4059 909 4116 371.
933 4053 1110 4117 deterrebor
1131 4059 1166 4130 A,
1190 4058 1312 4118 61334.
1331 4088 1371 4098 -

274 4160 344 4218 372.
368 4153 440 4236 Epo
469 4154 567 4220 stulta
594 4161 626 4218 el
651 4173 740 4219 mora
768 4161 847 4219 etA
875 4167 906 4220 et
934 4166 1002 4220 cett.
1032 4163 1142 4220 omisso
1169 4175 1250 4234 sum,
1280 4183 1307 4221 v.
1332 4161 1371 4220 ad

271 4261 379 4340 Amph.
405 4263 455 4320 56.
499 4277 616 4335 meree,
646 4282 673 4320 v.
705 4263 743 4321 ed
766 4262 846 4323 Men.
871 4265 941 4324 557.
963 4293 1006 4302 -
1029 4265 1100 4322 373.
1123 4255 1246 4341 fabuler
1267 4264 1303 4321 A.
1328 4292 1370 4303 -

270 4358 385 4440 capitis
400 4360 549 4442 perdam,
578 4389 606 4426 v.
630 4365 667 4425 ed
694 4367 776 4426 Asin.
803 4368 871 4426 131.
896 4395 937 4407 -
961 4368 1030 4427 375.
1054 4366 1131 4426 sunl
1159 4361 1299 4426 maiores
1329 4369 1367 4425 A.
