2940 5008
504 451 536 503 V.
557 449 698 503 rte-1⁷5.
1086 454 1146 514 323

61 639 198 718 ponus,
217 645 370 717 blandiris,
396 643 775 720 eremperto—155.
793 641 851 700 Pro
868 657 940 702 sum
952 643 1018 703 edd.
1042 643 1146 717 „eim“,

66 749 133 804 retio
146 741 263 820 ,fuero“
277 745 419 824 postulat.
432 775 473 787 -
485 741 551 806 scis
562 742 593 805 si
604 744 682 804 Cam.
695 775 736 785 -
752 747 906 805 157-60.
918 745 1065 805 Personas
1081 767 1148 824 per·

64 855 204 906 mutarunt
226 847 291 906 edd.
315 848 385 907 inde
412 849 449 907 eb
472 849 564 920 Alete,
593 849 681 908 oredo
710 849 781 925 quia
808 851 906 924 prime
931 847 1045 920 ,Sicine
1074 850 1147 908 mihi

66 949 216 1027 obsequens
245 946 318 1009 es?“
342 957 378 1010 ut
405 971 432 1008 v.
459 953 518 1010 150
542 949 671 1010 Charino
699 949 859 1009 tribuenda
880 951 1064 1024 ridebantur,
1095 953 1148 1010 sed

65 1055 249 1131 interpolator
259 1055 358 1112 omnin
370 1054 580 1113 ultramodum
593 1071 705 1128 augens
717 1073 844 1126 servum,
865 1056 964 1130 gravis
975 1055 1070 1113 nuntii
1082 1076 1148 1131 pos·

64 1175 201 1228 sessorem,
224 1157 422 1233 postulantem
441 1157 519 1229 lecit,
546 1161 580 1214 ut
602 1155 660 1214 sibi
678 1155 769 1214 herus
785 1155 912 1232 supplex
930 1161 960 1214 et
986 1155 1149 1234 obsequens

64 1263 139 1316 esset.
166 1259 338 1318 Ceterorum
350 1277 467 1335 quoque
477 1259 597 1334 ineptiae
608 1261 708 1336 potius
719 1263 866 1334 augentur
877 1277 964 1334 quem
976 1259 1150 1318 minuuntur

64 1360 109 1418 illa
131 1381 320 1438 personarum
349 1363 584 1438 permuteti0n03
613 1355 739 1436 placide
771 1362 849 1418 enim
883 1354 973 1436 (158)
1002 1361 1148 1420 Charinus

64 1464 169 1539 quidem
196 1464 270 1522 nihil
299 1465 347 1537 egl
369 1465 444 1535 vult,
475 1463 620 1522 Acanthio
642 1463 722 1534 vult3
751 1481 843 1538 quere
871 1482 1013 1540 personas
1041 1465 1148 1542 reliqui

63 1569 92 1621 ut
110 1566 138 1623 in
159 1565 242 1625 codd.
266 1571 344 1624 sunt.
368 1594 411 1606 —
436 1567 504 1625 158.
532 1559 617 1639 Quid
639 1564 686 1624 eet
708 1566 790 1622 codd.
814 1566 924 1624 vitioso
952 1585 1055 1640 versu3
1083 1565 1147 1641 Pyl.

63 1670 196 1745 ceterique
210 1664 279 1741 ,id“
295 1667 419 1726 addunt.
437 1697 480 1709 —
499 1670 567 1727 160.
598 1662 661 1728 Uae
683 1661 750 1726 tibi.
784 1667 849 1725 Tali
872 1671 988 1727 ratione
1010 1669 1148 1727 scurriles

62 1769 176 1846 ineptiae
199 1757 322 1829 relicere
347 1770 497 1841 solebant,
527 1789 555 1828 v.
579 1770 617 1828 ad
640 1769 703 1827 Mil.
729 1771 799 1828 288.
823 1799 864 1808 —
890 1771 959 1828 162.
985 1765 1078 1844 Parii
1097 1771 1148 1831 Sa·

63 1891 145 1930 recen.
170 1901 213 1913 -
244 1874 309 1931 163.
332 1891 436 1931 versus
462 1879 524 1931 tem
552 1873 671 1947 ineptus
699 1891 788 1948 quem
815 1875 945 1932 numeris
973 1873 1148 1948 destitutus;

63 1972 91 2031 R.
113 1973 307 2033 camerarium
330 1981 462 2034 secutus:
488 1973 565 2046 „Au
589 1973 634 2032 Tu
656 1973 740 2032 dixti.
764 1974 825 2034 CH.
848 1973 980 2034 Taces?“

139 2079 206 2137 165.
240 2071 379 2137 dissolute
411 2093 474 2151 mc,
514 2097 600 2154 quem
638 2078 769 2135 vinctum
804 2079 1024 2154 exspectatione
1056 2085 1148 2154 tenes,

63 2177 93 2234 ci.
114 2177 175 2238 Ter.
199 2179 307 2239 Heeut.
332 2183 409 2240 508:
453 2179 603 2254 „Dissolui
636 2199 695 2253 me,
731 2183 843 2240 otiosus
875 2199 996 2258 operam
1028 2187 1064 2240 ut
1094 2183 1150 2240 tibi

63 2279 181 2340 derem“.
214 2312 257 2324 -
293 2285 362 2341 166.
389 2279 483 2358 petus
513 2296 606 2358 quam
632 2276 793 2356 vapulem,
826 2302 880 2340 nec
913 2285 989 2341 enim
1023 2283 1149 2358 dubitat,

63 2385 126 2458 quin
146 2385 279 2444 futurum
306 2387 347 2443 sit
367 2391 402 2442 ut
430 2384 466 2442 ab
494 2386 572 2442 irato
599 2384 678 2457 hero,
708 2384 759 2443 ubi
789 2387 911 2443 emicem
934 2391 1059 2462 epatre
1082 2405 1149 2444 con·

62 2493 178 2562 spectem
205 2487 363 2560 audiverit,
392 2488 529 2563 vapulet,
557 2486 595 2544 ad
618 2507 683 2563 quae
705 2489 856 2564 aptissime
878 2487 967 2546 herus
988 2489 1150 2565 respondet

62 2606 140 2647 muru
160 2592 327 2668 impatiens,
350 2609 416 2648 eum
440 2596 571 2648 actutum
594 2590 813 2668 copulaturum,
837 2591 863 2648 si
885 2611 916 2649 ee
939 2590 1064 2668 emplius
1086 2595 1149 2650 tor-

64 2697 149 2765 queat,
177 2692 324 2750 Acanthio
347 2697 444 2750 eutem
468 2695 580 2751 ironice
603 2695 699 2750 minas
722 2693 785 2751 eius
808 2693 896 2750 ridet.
942 2691 1004 2750 Hoc
1026 2711 1084 2752 non
1107 2694 1150 2750 in·

64 2791 170 2852 tellecto
192 2795 227 2853 R
272 2793 435 2852 Meursium
458 2801 576 2852 secutus
599 2813 716 2853 versum
741 2796 801 2854 168
829 2797 927 2872 primo
949 2794 1016 2852 loco
1039 2796 1149 2871 posuit,

63 2897 202 2970 1111167,
226 2903 360 2955 extremo
386 2897 454 2956 166.
479 2925 520 2936 -
546 2898 613 2956 168.
639 2892 687 2956 sis
705 2893 786 2969 uide,
809 2896 1044 2955 conmittes.
1079 2895 1149 2954 InB

63 2999 152 3071 priore
180 3001 245 3058 loco
274 3017 330 3076 pro
358 2996 434 3070 ,sis“
462 2994 524 3072 ,si“
549 2999 697 3058 sorihitur.
720 3028 763 3040 ·-
785 2993 906 3059 Nullus
932 3019 988 3077 pro
1014 2995 1149 3074 „nemo“,

64 3117 86 3155 r.
108 3101 141 3159 ad
162 3102 242 3160 Men.
267 3103 317 3160 99.
339 3129 382 3140 -
408 3103 477 3160 169.
501 3100 646 3160 Charinus
675 3101 712 3159 ad
734 3121 838 3180 preces
859 3104 1023 3160 revertitur
1043 3107 1150 3180 utpote

64 3203 139 3262 minis
163 3203 352 3264 efficaciores.
376 3233 418 3244 -
443 3204 511 3263 171.
538 3197 694 3277 Tandem,
717 3210 789 3280 post
810 3205 954 3281 reliquom
977 3207 1151 3264 contumeli-

65 3321 103 3362 em
128 3310 212 3365 etiem
242 3307 298 3365 hoc
325 3310 434 3378 restet,
463 3311 498 3364 ut
525 3325 571 3364 me
598 3327 635 3365 ne
664 3307 786 3382 dignum
809 3306 928 3383 quidem
957 3307 1074 3380 habeas,
1104 3309 1152 3365 cui

66 3409 207 3484 supplices.
253 3409 384 3484 Langen.
414 3407 508 3467 Beitr.
537 3429 567 3486 p.
597 3409 636 3467 88
666 3427 730 3486 sqq.
763 3406 904 3482 „revera“
936 3409 1152 3487 interpretatur

66 3511 91 3562 et
108 3527 217 3570 omnem
240 3511 322 3569 vocis
344 3505 469 3570 tandem
490 3513 550 3570 vim
574 3532 591 3569 a
617 3509 713 3582 ,tam“
739 3512 876 3570 derivare
898 3517 1031 3571 conatur.
1065 3511 1152 3584 Quod

67 3627 141 3684 quem
168 3613 296 3672 feliciter
321 3612 439 3684 lecerit,
469 3614 521 3671 alii
551 3613 697 3686 viderint;
731 3631 785 3689 ego
815 3616 846 3672 in
872 3614 928 3672 hoc
955 3633 1018 3672 voc.
1041 3617 1152 3692 praeter

66 3715 245 3789 temporalem
274 3713 518 3790 significationem
546 3717 659 3775 nullam
686 3717 743 3776 nisi
771 3717 987 3775 adversativam
1015 3735 1150 3791 agnosco,

66 3816 93 3869 ut
113 3815 169 3875 dixi
190 3817 229 3876 ad
244 3818 327 3875 Asin.
344 3819 411 3902 1¹75,
436 3837 470 3876 ac
492 3821 517 3878 si
540 3818 577 3877 de
600 3821 715 3894 origine
736 3821 817 3878 vocis
840 3817 952 3895 aliquid
969 3817 1152 3895 opinandum

67 3919 111 3988 ert,
131 3938 188 3977 non
210 3920 249 3978 ad
271 3925 341 3993 tam,
365 3921 417 3978 sed
440 3921 594 3979 adtamen
612 3916 809 3997 (tumendum)
832 3921 994 3980 retulerim.
1029 3918 1073 3978 cf.
1086 3918 1150 3978 Mil.

70 4017 147 4078 1656.
178 4021 214 4080 11.
237 4041 304 4080 cum
322 4021 525 4081 Lechmonno:
552 4017 988 4097 ,Tamneindignusnideor?“
1013 4049 1056 4060 -
1081 4022 1152 4078 173.

67 4129 144 4180 canu.
176 4123 280 4182 Lemb.
307 4121 424 4196 „sarta“
449 4126 553 4184 voluit.
577 4154 618 4166 -
643 4127 712 4186 174.
736 4118 916 4202 quaerelae,
938 4144 966 4182 v.
987 4123 1025 4181 ed
1042 4122 1150 4198 Amph.

71 4221 192 4282 161-
216 4227 285 4285 175.
311 4220 398 4286 Tace.
442 4225 537 4286 Nimis
570 4247 640 4288 sane
672 4228 834 4288 iracundus
867 4231 913 4284 est
945 4245 1056 4298 servus,
1090 4227 1149 4302 qui,

68 4341 145 4397 quum
177 4327 266 4388 herus
299 4349 331 4388 se
359 4332 521 4388 taciturum
550 4329 681 4403 dixisset,
715 4329 772 4388 hoc
797 4329 929 4407 profert;
962 4327 1014 4387 sed
1046 4347 1151 4406 perum

895 4458 945 4512 21*
