3044 5020
127 454 165 522 ΙΙ,
182 459 207 521 4,
227 457 318 508 9-16
571 453 650 508 Miles
669 453 817 521 gloriosus.
1195 459 1232 518 31

571 643 804 709 Palaestrio

685 751 765 816 Mihi
788 771 916 834 quoque
940 750 1067 835 polita
1092 750 1232 816 uidetur.

131 861 198 942 Age
222 882 316 926 nunc
339 863 417 939 iam,
440 859 572 945 quando
596 860 697 943 lubet,

582 1003 793 1068 Sceledrus

700 1111 784 1188 Quid
796 1111 914 1194 agam?

566 1254 800 1320 Palaestrio
853 1247 860 1256 ’

873 1362 946 1428 Peri
958 1381 1166 1447 perpropere.
1185 1377 1235 1431 365

510 1503 856 1570 Philocomasium

133 1615 192 1680 Ubi
204 1617 272 1681 iste
285 1621 338 1679 est
349 1615 454 1688 bonus
467 1635 591 1694 seruos,
611 1615 667 1698 qui
680 1613 791 1698 probri
809 1636 859 1678 me
873 1615 1013 1679 maxumi
1030 1615 1235 1679 innocentem

131 1723 229 1788 Falso
254 1721 483 1788 insimulauit?

573 1865 803 1932 Palaestrio

469 1973 527 2038 Em
551 1973 623 2055 tibi,
646 1975 699 2039 hic
722 1973 800 2040 milri
823 1973 857 2038 id
880 1974 970 2039 dixit.

513 2116 856 2182 Philocomasium

951 2225 1019 2290 Uac
1039 2224 1114 2290 tibi!
1145 2224 1236 2290 Dixti

129 2334 178 2399 Tu
203 2343 238 2399 te
263 2334 387 2399 uidisse
409 2336 442 2399 iu
465 2355 621 2418 proxumo
643 2333 706 2414 hic,
728 2334 877 2414 sceleste,
902 2355 952 2399 me
975 2333 1196 2400 osculantem?

572 2477 804 2544 Palaestrio

130 2591 242 2668 Atque
267 2605 341 2649 cum
365 2585 472 2650 alieno
495 2585 743 2652 adulescentulo
765 2587 856 2651 dixit.

577 2727 798 2795 Sceledrus

875 2838 948 2902 Dixi
971 2836 1080 2902 hercle
1103 2857 1191 2902 uero.

513 2979 856 3047 Philocomasium

132 3087 204 3154 Tun
216 3111 269 3154 me
286 3089 418 3154 uidisti?
483 3153 484 3158 ,

576 3209 797 3275 Sceledrus

410 3317 518 3400 Atque
529 3317 580 3382 his
593 3319 723 3400 quidem
737 3316 844 3382 hercle
857 3316 969 3382 oculis.

520 3461 853 3527 Philocomasius

910 3567 1043 3634 Carebis
1057 3569 1165 3650 credo,
1184 3585 1235 3640 370

136 3674 199 3753 Qui
222 3677 295 3760 plus
317 3677 431 3744 uident
454 3699 551 3761 quam
575 3677 663 3762 quod
685 3677 809 3743 uident.

202 3915 254 3970 365
272 3916 351 3970 iuuet
369 3915 396 3970 B
475 3917 571 3985 peripe
590 3933 711 3985 propero
730 3914 758 3968 B
845 3915 1092 3970 secesionem
1167 3933 1232 3986 pro-

137 3999 205 4052 diuit
224 3999 260 4066 Β,
289 3987 385 4069 prodit
404 4002 425 4056 0
511 4019 638 4056 maxume
726 4003 777 4054 367
799 4001 853 4054 ΡΑ.
872 4001 956 4056 Falso
979 4002 1158 4056 insimulanti.
1177 4002 1233 4056 PH.

137 4101 193 4150 ern,
210 4085 271 4138 tibi.
297 4086 328 4139 P.
359 4087 404 4142 hic
529 4089 607 4142 dixit.
637 4086 691 4140 ΡΗ.
716 4087 775 4139 tibi.
800 4105 882 4154 quem
907 4089 979 4142 dixit
1006 4089 1045 4154 B,
1072 4087 1150 4141 dixit.
1178 4089 1232 4142 PH.

138 4171 210 4224 tibi?
236 4189 319 4239 quern
337 4173 449 4229 distic
547 4175 597 4226 368
615 4173 686 4228 Tute
704 4189 749 4225 me
767 4171 819 4225 Bc
903 4175 1013 4228 uicies&
1031 4175 1058 4228 B
1144 4176 1231 4229 scele-

139 4260 207 4310 stam
227 4257 396 4312 osculantem
407 4259 442 4326 B,
461 4261 577 4314 sceleste
597 4259 768 4312 osculantem
790 4259 811 4310 0
879 4263 930 4314 370
948 4261 1066 4314 'l'uneA
1137 4261 1230 4317 hercle

141 4357 180 4394 om
207 4341 258 4397 Bc
324 4361 385 4398 care
403 4346 444 4398 uis
463 4345 489 4398 B
