2982 5020
553 443 584 496 v.
604 445 747 496 ecs-ros.
1144 450 1205 512 327

42 631 185 692 abierat
201 639 325 712 πρὸςτὰ
337 641 428 714 κέντρα
442 641 579 706 λακτίζειν,
598 659 624 695 v.
638 639 768 714 AEschyl.
781 641 990 716 Agamltul.
1026 640 1124 699 Proui.
1140 643 1208 698 323.
1269 637 1272 642 ¹

42 734 173 813 Eurip.
191 738 312 799 Bacch.
327 743 396 798 795.
428 740 511 798 Pind.
525 739 611 816 Pyth.
625 744 653 815 2,
666 742 715 800 94.
728 742 766 801 al.
791 741 858 821 Ter.
872 741 990 802 Phorm.
1005 744 1059 802 78ε
1087 743 1209 815 „aduor-

43 859 119 896 sum
145 842 320 900 stimulum
344 839 467 902 celcce“.
514 843 576 900 Hoc
596 864 655 903 nou
672 845 825 902 intellecto
843 843 997 903 Acidalius
1019 833 1130 917 „illuc‘
1148 865 1210 902 ccr-

46 942 211 1016 rigebat,
247 949 332 1023 quasi
355 946 422 1003 leno
446 929 582 1004 diceret:v
614 966 690 1019 „non
713 947 751 1006 cd
773 953 803 1006 te
827 948 942 1006 lucrum
964 949 1005 1020 it,
1036 947 1088 1004 sed
1111 951 1142 1005 iu
1164 947 1210 1004 di-

47 1065 213 1119 versum,
254 1067 312 1124 quc
347 1049 442 1107 calces
470 1051 581 1108 iuctare
610 1050 685 1108 solet
711 1051 855 1108 ferociens
883 1049 1006 1124 asellus,
1040 1055 1212 1124 retrorsum,

47 1168 118 1206 non
147 1149 373 1226 provorsum“.
402 1181 445 1190 -
473 1153 544 1210 684.
580 1155 656 1210 Ante
686 1145 810 1228 Hospes
831 1151 946 1223 hiatus3
981 1151 1064 1210 Mull.
1092 1149 1208 1224 „Heus“
1249 1181 1263 1194 -

51 1250 164 1310 addit.
197 1283 241 1292 —
269 1255 339 1312 689.
364 1248 519 1313 amussis
538 1276 577 1314 sc.
596 1255 732 1328 liberum,
756 1255 807 1313 ubi
831 1254 868 1312 ab
891 1255 1012 1312 arbitrie
1034 1257 1211 1331 importunis

51 1359 151 1412 tutus
182 1376 255 1415 esse
277 1357 386 1434 poseis3
410 1376 577 1416 muscarum
601 1359 678 1416 enim
701 1359 817 1416 curiosa
838 1359 1050 1434 importunitas
1066 1375 1121 1434 pro
1139 1377 1209 1434 pro-

53 1457 178 1516 verbio
210 1465 287 1532 crat,
310 1461 345 1518 cf.
366 1459 457 1518 Mero.
477 1461 553 1520 356:
581 1459 703 1534 „Musca
721 1465 766 1518 cst
788 1479 869 1520 meus
891 1465 991 1536 pater;
1013 1459 1088 1518 nihil
1110 1465 1212 1537 potest
1288 1488 1295 1502 ·

54 1559 145 1616 elam
174 1561 268 1620 illum
292 1560 424 1620 haberi“.
481 1562 539 1620 Sed
569 1563 674 1620 vilicus
696 1562 784 1620 aliter
807 1564 927 1639 accipit,
956 1564 1040 1639 qnasi
1064 1582 1082 1620 a
1103 1564 1211 1620 muscis

57 1682 217 1737 quaererc
235 1685 266 1722 se
285 1665 457 1743 hospitium.
471 1694 509 1706 -
530 1667 590 1724 690
608 1679 635 1735 a,
660 1667 795 1742 quamvis
813 1667 901 1724 ctiam
918 1663 956 1722 ab
972 1667 999 1722 A
1021 1665 1109 1736 absit,
1133 1671 1211 1722 recte

57 1765 268 1824 addiderunt
291 1767 358 1826 edd.
389 1797 430 1808 -
460 1770 531 1828 691.
560 1767 651 1840 Tum,
679 1770 791 1845 inquit,
820 1769 851 1825 in
873 1781 1028 1826 carcerem
1049 1769 1135 1839 irem,
1159 1766 1212 1828 ubi
1282 1757 1285 1768 ’

48 1867 92 1954 in
121 1869 239 1929 clauso
262 1875 293 1928 ct
314 1870 465 1930 immundo
487 1871 552 1929 loco
575 1889 683 1929 muscoe
702 1870 866 1930 abundant.
885 1899 927 1910 -
945 1872 1016 1929 699.
1039 1863 1212 1945 hospitium

60 1969 139 2028 edd.
169 2002 219 2012 —
243 1973 314 2032 693.
338 1973 411 2033 Post
433 1968 590 2034 Antiocho
612 1972 711 2032 hiatus
733 1975 765 2032 in
787 1992 909 2034 caesura.
953 1973 983 2033 Is
1006 1993 1059 2032 rex
1080 1992 1150 2032 num
1173 1972 1210 2032 ab

63 2075 172 2132 oculis
200 2075 392 2150 laboraverit,
425 2078 589 2150 ignoratur,
621 2096 677 2134 neo
706 2082 827 2154 poetam
856 2075 938 2134 aliud
961 2096 1081 2134 curasse
1111 2075 1210 2149 credo,

63 2195 166 2250 quam
205 2185 240 2236 ut
272 2180 419 2237 luxuriam
453 2186 483 2239 et
510 2180 666 2237 mollitiem
696 2178 788 2254 Syriae
819 2199 920 2256 regum
950 2183 1210 2250 commemoraret3

66 2280 183 2338 oculos
225 2288 324 2338 autem
364 2287 398 2339 ut
438 2280 679 2341 delicatissimam
716 2284 848 2358 corporis
881 2286 997 2358 partem
1031 2283 1210 2353 nominavit3

67 2380 166 2441 Miill.
194 2383 278 2442 Prcr.
301 2406 331 2462 p.
358 2385 418 2442 517
442 2385 517 2442 male
543 2380 686 2458 „eculei“.
713 2413 747 2424 -
775 2385 845 2442 694.
870 2378 1115 2443 illaesas-
1139 2385 1210 2443 695.

70 2498 148 2543 csse
174 2481 295 2560 tepuit
316 2489 353 2545 A.
378 2516 414 2526 -
441 2489 512 2546 696.
537 2487 566 2545 et
588 2489 623 2545 A.
649 2497 686 2526 -'
712 2487 782 2546 697.
805 2485 1007 2558 contractare,
1031 2505 1059 2545 r.
1083 2484 1121 2543 ad
1145 2486 1209 2544 Mil.

75 2589 178 2646 1047.
225 2588 328 2650 Oratio
351 2592 540 2649 continuatur
565 2612 591 2648 v.
617 2591 687 2649 698.
712 2619 749 2630 -
774 2583 844 2648 luis
866 2591 981 2666 scripsi,
1006 2609 1032 2647 v.
1052 2587 1087 2646 ad
1102 2589 1210 2666 Amph.

73 2691 161 2750 425:
188 2694 371 2768 „ingressust
382 2688 493 2752 uium“.
510 2723 546 2733 -
561 2695 632 2752 698.
655 2683 732 2753 Chio
745 2694 785 2766 A;
807 2691 991 2768 paenultima
1004 2675 1166 2768 corripitur
1177 2697 1211 2749 ut

73 2792 169 2852 Cur-c.
186 2796 236 2853 78.
252 2823 288 2834 -
309 2796 379 2854 699.
410 2788 569 2856 Uetustate
588 2790 764 2856 edentulum
781 2797 883 2853 viuum
902 2797 929 2854 ei
947 2796 1106 2872 promittit,
1124 2797 1210 2870 quasi

75 2897 163 2970 quod
177 2917 280 2956 senum
293 2898 381 2956 modo
394 2898 498 2956 dentes
518 2891 660 2971 amiserit,
679 2899 715 2957 cf.
727 2897 828 2956 Alexis
841 2917 888 2975 ap.
902 2897 1010 2955 Athon.
1022 2895 1050 2954 X
1063 2917 1090 2974 p.
1104 2897 1163 2954 441
1179 2917 1208 2954 c:

77 2993 153 3064 οἶνος
233 3001 279 3057 καὶ
299 3001 372 3076 μάλα
394 2999 455 3072 ἡδύς
476 3001 513 3078 7²,
541 3001 649 3066 ὀδόντας
672 2999 720 3058 osis
743 3001 823 3072 ἔχων,
852 3001 900 3072 ἤδη
924 3001 1045 3076 σαπρὸς,
1073 3001 1161 3076 γέρων
1183 3021 1210 3055 sc

76 3101 236 3176 όαιμονίως.
260 3098 454 3180 -17119968,
478 3105 515 3162 ct.
533 3103 605 3163 Hor.
624 3105 686 3163 Sat.
706 3104 743 3176 ΙΙ,
770 3106 797 3177 1,
822 3107 856 3163 9:
884 3106 1106 3180 „irriguumque
1129 3123 1210 3161 mero

78 3205 136 3262 suh
169 3211 285 3264 noctem
314 3225 421 3283 corpus
449 3203 613 3265 hahento“.
669 3206 785 3265 Phaedr.
809 3206 863 3282 IV,
892 3209 944 3280 15,
977 3209 1012 3266 9:
1050 3209 1210 3283 „irrigatus

79 3308 179 3365 multo
210 3329 299 3366 venas
327 3303 476 3366 nectere“.
513 3337 551 3348 -
589 3311 658 3368 790.
697 3306 877 3386 „geumatis“
908 3309 981 3367 ferri
1013 3329 1072 3367 non
1099 3315 1209 3386 potest,

81 3413 225 3484 quoniam
258 3417 409 3487 unguenta
442 3431 501 3470 nou
534 3412 670 3488 palatum
702 3413 755 3471 sed
787 3433 890 3471 nasum
927 3413 1090 3484 delectsnt;
1129 3413 1208 3470 Cam.

83 3513 334 3584 „eccheumatis“,
369 3534 423 3590 ego
447 3507 634 3587 rheumatis,
669 3517 757 3590 χεῦμα
786 3521 831 3573 cst
861 3517 939 3572 enim
968 3513 1082 3573 effusio.
1135 3513 1209 3572 Tam

83 3616 181 3674 multe
210 3624 360 3692 unguenta
388 3637 419 3674 se
447 3617 637 3692 profusurum
665 3619 831 3694 promittit,
866 3622 901 3676 ut
929 3620 959 3675 in
983 3637 1019 3675 eo
1042 3618 1123 3688 loco,
1157 3617 1209 3674 ubi

82 3717 199 3792 laverit,
224 3718 379 3777 balneator
402 3740 439 3777 ex
456 3719 591 3796 reliquiis
607 3725 805 3780 mercaturam
821 3727 1036 3797 ungnentorum
1054 3721 1208 3778 instituere

84 3823 186 3895 possit.
212 3851 253 3862 -
283 3823 341 3881 701
367 3843 411 3899 eq.
437 3823 507 3880 milri
531 3841 648 3900 quoque
671 3828 705 3881 ut
727 3822 881 3901 Gepperto
904 3829 934 3881 et
956 3823 1085 3882 Miillero
1113 3822 1149 3881 ut
1177 3823 1208 3880 in

84 3925 186 3998 priore
218 3943 306 3983 versu
329 3927 469 3984 omissum
490 3908 526 3984 iri
543 3927 742 4002 posteriorem
765 3925 955 3984 transtulisse
977 3925 1096 3983 videtur
1118 3925 1208 3982 libra-

86 4027 156 4085 rius.
186 4057 227 4066 -
257 4028 337 4085 703:
359 4021 602 4100 latrocinantur,
632 4029 742 4088 milites
770 4029 945 4087 mercenarii
967 4034 1050 4101 sunt,
1083 4049 1111 4087 v.
1136 4029 1207 4086 662.

86 4127 153 4189 Haec
176 4133 276 4190 omnia
298 4133 441 4208 praesenti
462 4133 560 4208 pretio
584 4131 706 4190 emenda
728 4136 866 4190 sunt-
890 4133 961 4190 795.
988 4131 1063 4205 „Qui
1087 4127 1204 4188 hercle“

87 4251 139 4308 pro
171 4233 287 4302 „hercle
316 4227 385 4310 qui“
419 4227 460 4308 (v.
491 4235 529 4292 cd
556 4234 664 4312 Amph.
689 4233 763 4307 768)
791 4254 849 4293 non
878 4235 1003 4307 dicitur;
1033 4233 1098 4292 edd.
1126 4226 1209 4307 Quin
1262 4251 1268 4270 ⁸

88 4337 211 4395 61671.
251 4336 339 4394 Most.
373 4338 443 4396 588.
473 4337 510 4396 al.
538 4367 580 4376 —
610 4336 735 4395 Versum
766 4338 825 4395 719
857 4339 886 4395 in
916 4336 1001 4395 codd.
1031 4345 1101 4414 poet
1129 4335 1208 4394 huuc
