2940 5008
266 463 327 524 334
743 457 892 514 Mercator.

265 683 307 693 —
334 645 471 727 Censen,
501 653 521 710 i.
544 672 570 711 s.
593 671 652 710 non
681 649 803 710 censes?
832 673 859 710 v.
883 651 922 710 ad
942 651 1011 710 Aul.
1036 653 1106 710 301.
1129 681 1173 692 -
1193 653 1262 711 464.
1284 645 1353 711 Non

259 749 369 830 places
397 761 427 814 et
448 756 474 814 Δ
496 760 527 812 et
549 753 580 812 0.
618 783 653 793 -
690 755 760 812 453.
778 749 987 828 prueaeortier,
1022 759 1057 812 ut
1083 755 1201 814 dixerat
1223 755 1288 814 360.
1313 783 1353 794 -

266 859 337 916 466.
363 851 410 916 Tu
430 851 584 934 prohibet,
613 873 671 915 uon
693 863 756 914 tam
778 858 825 928 iis,
854 875 920 933 qua
944 857 1004 914 370
1028 855 1160 930 dixerat,
1190 877 1274 934 qnam
1294 875 1352 915 ou·

265 961 336 1018 nino
360 979 473 1018 moram
501 959 675 1017 obiiciendo.
699 987 742 998 —
764 973 813 1017 me
834 953 978 1017 inuncto
1000 959 1043 1030 A;
1070 952 1352 1032 2011111111-

265 1063 335 1122 cito.
361 1091 397 1102 -
422 1063 493 1120 457.
517 1054 599 1121 bitus
621 1062 656 1130 Δ,
681 1081 707 1118 r.
731 1059 769 1118 ad
792 1059 876 1118 Curc.
904 1061 971 1118 141.
994 1089 1036 1100 -
1059 1061 1130 1119 458.
1158 1057 1231 1132 ,ns‘
1256 1059 1352 1119 omd.

264 1193 305 1206 ·-
328 1167 398 1224 469.
422 1165 450 1222 A
475 1159 647 1236 ,deixerat“
673 1167 703 1221 at
730 1164 760 1220 in
783 1165 966 1239 proximor.
994 1161 1109 1236 ,heic“,
1137 1165 1198 1222 463
1227 1161 1353 1236 „ueiuo“,

264 1269 323 1326 471
362 1269 457 1342 „tusis
489 1259 672 1342 ingratieia“,
707 1266 768 1322 472
800 1261 912 1338 ,sceis“
943 1271 973 1324 st
1003 1261 1127 1342 „qoei“;
1163 1268 1222 1325 502
1248 1261 1352 1339 ,uais“,

265 1371 324 1429 508
351 1363 511 1442 „deicam“,
536 1369 596 1427 517
622 1363 729 1441 ,mei“,
753 1369 813 1426 518
840 1369 900 1440 ,sei
923 1363 1086 1440 curabeie“,
1116 1370 1176 1426 522
1203 1361 1350 1442 „radicit“,

266 1474 325 1532 764
352 1467 490 1548 ,quein⁴‘.
525 1499 567 1512 -
600 1471 671 1528 460.
696 1465 823 1542 dudum,
847 1489 875 1528 v.
900 1472 970 1528 322.
994 1499 1036 1510 -·
1057 1465 1114 1530 Me
1135 1485 1249 1542 moror,
1271 1489 1297 1527 v.
1317 1469 1353 1526 ad

263 1573 352 1633 Most.
379 1575 469 1632 1043.

348 1677 419 1734 461.
448 1669 480 1746 0,
510 1677 529 1732 i.
554 1695 578 1733 a.
603 1675 747 1734 mutinum
774 1674 804 1732 hi
834 1676 994 1752 septenarii
1022 1675 1212 1752 appellantur
1239 1677 1269 1732 in
1292 1673 1352 1732 cod.

262 1777 293 1850 (1,
317 1797 344 1834 v.
368 1777 482 1854 Proleg.
506 1799 535 1855 p.
563 1779 631 1836 172.
666 1777 855 1847 Adulescens,
878 1783 1036 1854 postquam
1058 1783 1145 1856 pater
1167 1776 1249 1848 abiit,
1272 1775 1352 1834 vehe-

262 1885 377 1938 menter
404 1881 599 1953 lamentatur3
629 1879 753 1938 lacerari
782 1885 812 1938 et
840 1879 966 1938 distrahi
995 1881 1122 1938 animum
1156 1898 1240 1938 suum
1267 1879 1354 1954 magis

263 2002 351 2060 quarn
368 1982 529 2040 Pentheum
553 1981 706 2042 abacchis
728 1983 889 2041 laceratum
912 1982 1019 2040 fabula
1041 1981 1168 2054 serrsnt3
1190 1999 1281 2040 unum
1302 1979 1353 2038 sibi

262 2083 398 2143 relictum
430 2103 502 2156 esse,
535 2091 569 2142 ut
601 2084 657 2142 sibi
690 2089 815 2144 mortem
845 2086 1047 2144 conscisceret.
1092 2083 1275 2162 Opportuna,
1308 2083 1355 2159 qni

262 2207 328 2245 eum
357 2187 535 2258 consoletur,
565 2187 684 2246 advenit
711 2189 821 2246 amicus
849 2194 879 2245 et
906 2186 1016 2245 sodalis
1037 2185 1198 2262 Eutychus.
1222 2215 1264 2226 —
1286 2185 1353 2244 462.

256 2289 374 2364 praeut
402 2304 471 2366 quo,
498 2307 526 2347 v.
549 2288 587 2346 ad
609 2289 715 2365 Amph.
741 2291 810 2348 370.
834 2319 875 2328 -
898 2291 970 2348 463.
997 2281 1063 2363 Qar
1089 2288 1136 2348 bis
1162 2291 1198 2346 A.
1222 2317 1263 2328 -
1285 2288 1353 2346 466.
1458 2307 1459 2340 ;

265 2385 337 2466 Qui,
367 2411 395 2451 r.
420 2392 456 2449 ad
481 2392 586 2470 Amph.
613 2393 671 2450 127
700 2397 731 2448 at
759 2391 844 2450 Curc.
869 2393 939 2450 274.
984 2391 1075 2464 Neue,
1104 2391 1254 2449 Formanl.
1277 2389 1306 2448 11
1324 2407 1353 2464 p.

263 2497 333 2553 219.
378 2493 484 2554 Utrum
517 2497 548 2553 in
576 2493 603 2574 11
634 2491 735 2570 „quis“
769 2514 807 2552 an
833 2489 921 2571 ,qni“
951 2495 1051 2566 inerit,
1086 2493 1173 2551 hodie
1203 2493 1355 2551 diiudicari

260 2615 319 2656 uon
340 2602 449 2675 potest.
473 2627 514 2636 —
537 2598 608 2655 467.
631 2592 750 2656 sodalis
773 2596 802 2655 et
822 2591 945 2656 uicinus
967 2597 1002 2655 A.
1029 2623 1065 2636 ·-
1090 2598 1151 2654 470
1175 2615 1219 2671 sq.
1254 2593 1354 2654 Oratio
1457 2603 1458 2630 ³

260 2699 389 2774 Eutychi
408 2701 543 2776 quamvis
560 2699 769 2776 interpellante
787 2699 915 2758 Charino
939 2703 1138 2771 continuatur,
1161 2718 1188 2757 v.
1201 2698 1238 2756 ad
1250 2695 1353 2774 Amph.
1457 2743 1458 2763 ,

264 2803 353 2860 1136.
377 2831 419 2842 ·-·
441 2803 513 2860 471.
537 2801 610 2860 Post
632 2802 717 2860 tuum
739 2801 848 2874 hiatur,
872 2819 898 2861 v.
922 2803 960 2861 ad
985 2803 1054 2861 160.
1088 2801 1172 2860 Mall.
1189 2795 1259 2870 „tu“
1275 2798 1357 2857 addit

259 2911 328 2983 post
364 2899 540 2976 ,Niminm“.
575 2931 617 2944 -
649 2900 713 2963 tuis
740 2899 901 2981 irtpratiis,
935 2909 965 2963 te
992 2906 1096 2975 invito,
1131 2903 1166 2962 cf.
1190 2901 1254 2960 Cas.
1281 2901 1353 2960 292:
1456 2953 1457 2980 ,

263 3005 433 3079 ,amborum
463 3003 629 3083 ingratiis“,
663 3012 693 3066 et
722 3008 785 3064 sine
807 3009 943 3082 genetivo
966 3005 1030 3066 Osa.
1056 3007 1125 3065 179.
1158 3003 1238 3063 Men.
1266 3005 1354 3063 1034.

260 3109 297 3167 al.
320 3137 362 3154 -·
384 3109 455 3167 473.
480 3101 571 3168 Satin
599 3109 644 3182 ct,
672 3131 700 3168 v.
725 3109 763 3167 ed
785 3108 890 3168 Bacch.
914 3109 985 3168 488.
1009 3137 1051 3148 —-
1073 3111 1144 3166 475.
1174 3121 1281 3166 comes
1309 3119 1356 3163 me

259 3211 296 3270 ut
316 3212 500 3286 anticipatio,
523 3231 550 3270 v.
574 3212 611 3271 ad
634 3211 702 3270 Aut.
727 3213 796 3270 662.
820 3239 863 3250 ·-
884 3213 955 3270 476.
981 3211 1015 3270 tu
1036 3216 1134 3269 exstat
1155 3212 1244 3268 etiam
1266 3212 1298 3267 in
1318 3211 1352 3266 A.
1455 3255 1456 3258 .

259 3341 301 3353 -
324 3313 394 3371 477.
422 3305 483 3386 Qui
501 3309 617 3388 petisse,
640 3315 660 3372 i.
674 3333 699 3372 e.
723 3313 871 3389 quomodo
893 3311 958 3372 tieri
980 3315 1082 3390 possit,
1111 3318 1146 3371 ot
1167 3313 1222 3370 hoc
1244 3311 1353 3370 malim.

259 3414 293 3473 R.
320 3410 446 3486 ,Quid“‚
481 3420 511 3472 et
539 3417 570 3473 in
598 3415 624 3472 A
647 3417 676 3475 h.
699 3438 727 3475 v.
757 3417 798 3474 sic
826 3419 968 3492 scriptum
996 3417 1088 3474 fuisse
1115 3417 1292 3493 suspicatur,
1325 3415 1353 3469 iu

258 3519 393 3594 proximo
408 3537 467 3575 non
479 3518 559 3576 itam.
572 3547 613 3558 -
626 3519 696 3577 479.
716 3510 806 3578 Unde
817 3513 902 3578 erit?
918 3517 1050 3578 Gnietus.
1062 3547 1104 3558 -
1116 3519 1188 3576 480.
1200 3510 1355 3576 Auditum
1454 3565 1455 3609 ,

258 3619 355 3678 madia
376 3625 524 3698 correpta,
546 3621 825 3694 11.161111.1049;
849 3620 901 3679 ssd
924 3621 1023 3680 hiatus
1045 3626 1115 3699 post
1137 3611 1229 3678 orabo
1250 3637 1354 3696 parum

256 3725 319 3781 veri
348 3722 460 3794 similis,
495 3743 548 3782 nec
570 3729 667 3782 tamen
698 3724 723 3781 Δ
752 3723 913 3800 quidquam
941 3727 1056 3794 variat;
1080 3721 1114 3780 R.
1147 3721 1257 3795 „orabo
1291 3719 1354 3786 ut“‚

256 3824 400 3884 thheler·
431 3823 645 3900 ,Achilleum“‚
679 3824 728 3884 Br.
761 3825 844 3900 „Ego
872 3821 1049 3884 Achillem“.
1077 3853 1121 3865 -
1148 3825 1219 3882 462.
1249 3821 1356 3898 poscet
1453 3881 1454 3884 ,

256 3927 349 4005 Bngg.
374 3926 481 4003 Opusc.
506 3927 544 3984 ad
566 3927 665 3985 Madv.
690 3947 719 4005 p.
746 3929 816 3987 156.
861 3922 1073 3988 Auctuurium
1100 3927 1187 3985 idom.
1232 3924 1265 3984 R.
1290 3945 1353 3983 cum

256 4029 363 4088 Pareo:
391 4029 501 4102 „immo
525 4027 706 4088 auctarium⁴⁸
732 4029 876 4088 ediderat.
916 4029 998 4089 Feat.
1011 4029 1091 4108 Epit.
1104 4051 1133 4107 p.
1150 4030 1203 4086 14:
1230 4029 1354 4100 „dueu-

255 4134 329 4190 rium
354 4131 493 4190 dicebant
522 4134 652 4208 antiqui,
681 4131 760 4208 quod
789 4152 880 4210 super
908 4153 1072 4191 mensuram
1095 4137 1142 4190 vel
1169 4132 1286 4209 pondus
1309 4132 1353 4188 iu-

255 4239 332 4292 stum
356 4232 557 4306 adiiciebatur,
582 4240 616 4292 ut
638 4234 772 4292 cumulus
793 4241 917 4293 vocatur
938 4237 969 4294 in
991 4231 1175 4293 modio“.-
1192 4235 1263 4293 486.
1287 4227 1347 4292 ali·

255 4329 334 4412 qut‘d
353 4331 417 4410 fiet,
441 4336 477 4394 of.
501 4335 618 4394 Trucnl.
638 4337 708 4394 365.
733 4335 800 4394 Ter.
824 4337 916 4396 Andr.
943 4339 1013 4396 314.
1050 4336 1086 4396 R.
1109 4337 1185 4395 mals
1212 4333 1351 4413 ,aliqui“.
