2960 5000
764 417 856 474 Plauti

725 605 901 689 Milphio

702 715 851 780 Possum.

667 857 959 940 Ayorastooles

846 967 907 1032 Abi
931 967 1061 1032 domum
1085 986 1124 1032 aa
1148 964 1313 1051 suspende
1339 973 1383 1030 te.

726 1119 901 1199 Milphio

252 1225 358 1304 Quam
381 1227 423 1294 ob
446 1227 536 1294 rem?

667 1335 956 1418 Ayorastoolos

410 1442 492 1520 Quia
514 1445 580 1508 ism
603 1465 781 1527 numquam
804 1443 933 1510 audibis
956 1443 1059 1510 uerba
1082 1451 1225 1512 tottam
1250 1446 1381 1512 suauis.

251 1549 337 1628 Quid
355 1551 416 1616 tibi
433 1559 532 1637 opust
551 1553 696 1618 uixisse?
720 1553 870 1618 ausculta
889 1552 968 1618 mihi
984 1553 1081 1618 modo
1100 1574 1139 1619 eo
1157 1553 1325 1637 suspende
1337 1561 1381 1618 te.

727 1707 805 1772 Mil
840 1705 903 1771 lio

251 1812 286 1878 Si
309 1814 440 1895 quidem
462 1821 499 1880 tu
523 1837 557 1880 es
581 1835 708 1880 meeum
732 1729 862 1880 iuturpus
886 1837 946 1900 pro
972 1837 1037 1881 uua
1059 1837 1159 1901 pessa
1182 1815 1331 1899 pensilis.

673 1969 956 2052 Aqorastoolee

252 2077 295 2141 At
317 2097 376 2160 ego
398 2075 472 2144 aino
495 2077 588 2144 hena.

727 2209 902 2290 Milphio

498 2316 542 2380 At
564 2337 623 2400 ego
648 2338 718 2382 esse
741 2326 774 2382 et
798 2317 919 2383 bibere.

672 2471 958 2552 Adelphasium

820 2579 890 2644 Eho
913 2587 960 2660 tu,
984 2579 1062 2662 quid
1085 2579 1156 2644 ais?

677 2733 945 2800 Anterastilis

1078 2839 1162 2920 Quid
1185 2842 1310 2924 roges?
1330 2860 1382 2912 810

664 2974 956 3054 Adelphasium

250 3078 332 3144 Uide
351 3101 429 3145 num
448 3081 536 3165 pleni
547 3083 634 3146 oculi
647 3083 818 3148 sorderum
831 3083 887 3165 qui
901 3087 994 3146 erant
1005 3082 1071 3146 iam
1084 3079 1259 3164 splendent
1274 3081 1380 3146 mihi?

676 3235 943 3300 Anterastilis

248 3343 349 3408 lmmo
374 3344 474 3408 etiam
497 3345 530 3408 in
553 3343 660 3410 medio
683 3343 780 3409 oculo
804 3345 937 3428 paulum
960 3343 1080 3412 sordet.

1014 3605 1102 3672 Cedo
1126 3608 1170 3672 sis
1194 3605 1378 3672 dexterum.
1462 3605 1463 3666 1

265 3780 267 3782 ,
665 3714 958 3797 Ayorastoolos

249 3817 293 3888 Ut
313 3822 445 3904 quidem
462 3829 499 3888 tu
516 3821 612 3888 huius
634 3823 745 3888 oculos
764 3823 865 3888 illotis
884 3823 1035 3889 manibus
1053 3829 1176 3888 tractes
1190 3828 1248 3887 eut
1261 3823 1380 3889 teres?
1462 3831 1463 3864 1

599 3511 601 3516 ·
666 3497 955 3578 Adelphasium

316 4047 366 4100 337
384 4045 432 4114 qui
449 4045 505 4100 iam
592 4045 642 4099 308
661 4061 730 4114 opus
749 4045 772 4098 ai
860 4045 910 4098 309
929 4061 1011 4114 panas
1028 4043 1121 4102 om.0
1205 4043 1332 4114 penaibis
1352 4043 1380 4097 B

248 4133 300 4185 310
317 4131 418 4186 amabo
436 4129 464 4186 A
533 4133 583 4186 311
602 4129 713 4186 Uinden
732 4135 763 4184 ta
781 4128 816 4198 Β,
836 4130 921 4186 uiden
940 4130 1014 4186 tuO
1085 4131 1243 4185 sordium
1262 4128 1297 4192 A.
1318 4147 1379 4184 aor-
1462 4165 1463 4188 1

247 4217 349 4272 derunt
365 4216 419 4272 Bo
484 4221 566 4272 erunt
583 4215 612 4272 Β
681 4215 902 4270 313101311111
968 4216 1027 4271 AD.
1045 4218 1166 4286 matiam
1183 4215 1259 4271 deest
1327 4219 1381 4271 313
1462 4273 1463 4294 ζ

248 4301 286 4357 Ut
302 4307 334 4356 tu
352 4303 465 4372 quidem
482 4300 534 4356 BG
602 4303 699 4357 inlutis
717 4299 768 4354 Bo
1462 4295 1463 4328 l
