2960 5000
52 471 73 538 l,
93 475 118 538 2,
142 473 286 527 rra-188
553 471 700 526 Poenulus.
1129 477 1188 538 135

544 661 715 741 Milphio

808 769 933 853 Ecquid
957 769 1055 834 facies
1079 769 1188 836 modi?

487 912 769 993 Aporustocles
835 925 842 932 ·

53 1019 167 1086 Sicine
194 1043 257 1103 ego
281 1029 314 1084 te
338 1041 431 1085 orare
454 1021 556 1085 iussi?

545 1173 718 1253 Milphio

622 1281 790 1358 Quomodo
815 1303 889 1364 ergo
914 1283 1025 1346 orem?

489 1435 772 1516 Aporostocles

1060 1543 1191 1624 Rogas?

57 1649 112 1714 Sic
138 1653 232 1715 enim
257 1651 391 1727 diceres,
416 1651 568 1714 sceleste:
593 1651 690 1714 huius
712 1651 875 1733 uoluptas,
900 1658 932 1714 te
957 1650 1101 1728 obsecro,

57 1759 169 1824 Huius
196 1759 276 1838 mel,
301 1759 395 1823 huius
418 1779 488 1834 cor,
512 1758 608 1822 huius
632 1758 801 1836 labellum,
826 1758 922 1822 huius
945 1757 1071 1839 lingua,
1095 1757 1191 1822 huius

206 1865 211 1876 '
838 1868 973 1939 sauium,
1142 1881 1192 1934 385

59 1972 168 2038 Huius
194 1974 322 2052 delicia,
345 1973 443 2038 huius
469 1974 557 2038 salus
580 1995 727 2050 amoena,
751 1974 847 2038 huius
871 1973 1045 2047 festiuilas,

59 2081 171 2147 Huius
198 2083 353 2160 colustra,
377 2081 474 2147 buius
498 2082 679 2147 dulciculus
704 2103 829 2162 caseus,
854 2083 1016 2163 mastigia.

61 2187 188 2270 [Huius
215 2211 279 2270 cor,
304 2191 402 2254 huius
426 2191 581 2268 studium,
605 2191 700 2255 huius
724 2193 861 2269 sauium,
885 2189 1060 2272 mastigia]

62 2297 188 2363 Omnia
211 2300 278 2378 illa,
301 2319 384 2380 quae
409 2297 539 2362 dicebas
561 2307 629 2376 tua,
654 2321 693 2364 ea
716 2320 913 2364 memorares
936 2320 1017 2363 mea.

532 2453 709 2534 Milphio

65 2559 227 2638 Obsecro,
250 2560 358 2625 hercle
381 2569 423 2638 te,
447 2560 599 2644 uoluptas
623 2561 720 2625 buius
743 2569 841 2644 atque
866 2560 975 2624 odium
999 2582 1113 2639 meum,
1144 2577 1196 2630 390

64 2666 175 2733 Huius
201 2669 307 2734 amica
329 2671 425 2733 nimis
449 2676 568 2748 amata,
591 2691 663 2732 mea
685 2670 816 2733 inimica
839 2677 872 2733 et
895 2669 1066 2746 maleuola,
1135 2689 1142 2700 ¹

67 2775 193 2841 Oculus
216 2776 321 2856 huius,
345 2778 508 2861 lippitudo
532 2799 613 2856 inea,
636 2778 700 2841 mel
722 2777 829 2856 huius,
852 2775 894 2841 fel
918 2797 1035 2851 meum,

67 2881 110 2946 Ut
133 2891 171 2949 tu
197 2885 274 2949 huic
296 2890 352 2950 out
373 2887 460 2949 irata
482 2908 522 2950 ne
546 2887 591 2949 sis
615 2893 681 2964 aut,
706 2887 733 2950 si
755 2885 787 2949 id
812 2884 881 2948 fieri
906 2906 970 2948 nou
995 2893 1113 2967 potest,

69 2988 191 3074 Capias
214 2994 328 3057 restim
356 3014 394 3058 ac
423 3003 454 3056 te
484 2995 665 3077 suspendas
693 3015 764 3058 cum
788 3015 843 3058 ero
868 3001 900 3057 et
923 3002 1037 3058 uestra
1060 2992 1192 3056 familia.

69 3098 152 3166 liam
179 3101 258 3166 mihi
281 3102 346 3166 iam
368 3103 466 3166 uideo
490 3109 679 3184 propterte
703 3100 1083 3180 uictitandumsorbi103
1145 3116 1194 3170 396

69 3207 119 3274 Ita
143 3232 205 3292 ego
228 3212 292 3273 iam
317 3211 413 3292 quasi
437 3219 615 3274 ostreatum
640 3221 767 3293 tergum
793 3209 955 3273 ulceribus
978 3210 1098 3290 gestito

71 3315 212 3402 Propter
234 3339 379 3383 amorem
397 3309 559 3382 uestrum.

489 3472 775 3554 Adelphasium

588 3580 722 3658 Amabo,
747 3601 820 3644 men
844 3579 1015 3663 prohibere
1038 3578 1195 3662 postulas,

73 3685 119 3750 lle
141 3697 175 3753 te
199 3687 360 3757 uerberet.
384 3689 489 3770 magis
510 3709 607 3770 quam
626 3709 665 3751 ue
684 3688 823 3752 mendax
842 3709 893 3752 mc
911 3687 1088 3752 aduersum
1110 3687 1195 3751 sict‘l

116 3845 166 3852 ---
178 3845 252 3851 —...
265 3845 291 3850 --

140 3929 191 3980 382
209 3925 362 3994 quuidc
442 3927 491 3979 383
511 3943 605 3979 orares
693 3943 746 3994 ego
765 3925 860 3994 rogem
880 3927 907 3979 A
994 3927 1045 3979 383
1063 3925 1150 3978 salum
1169 3924 1197 3977 B

74 4010 123 4064 386
140 4011 226 4066 orn-G
281 4011 369 4064 Huius
388 4011 510 4065 colustra
529 4012 608 4064 huius
627 4011 654 4064 B
716 4015 766 4064 387
785 4027 834 4066 ooo.
854 4012 888 4076 A,
906 4013 965 4065 nisi
981 4011 1053 4078 quod
1071 4011 1198 4064 extremis

74 4099 192 4160 proximi
209 4100 398 4165 superscripto
417 4097 570 4151 dulciculus
591 4113 686 4151 caseus
801 4099 851 4151 389
870 4105 919 4151 tua
938 4115 997 4152 esse
1016 4113 1074 4149 eam
1095 4094 1129 4164 B,
1149 4105 1197 4148 tua

77 4195 133 4235 esse
153 4182 229 4236 esG
290 4185 338 4236 391
359 4183 626 4236 amicemummiate
701 4184 752 4236 392
771 4183 866 4235 oculos
937 4182 1105 4250 leppitudo.
1147 4181 1197 4234 393

76 4261 136 4321 huic
155 4269 228 4322 irata
317 4271 367 4322 394
386 4285 685 4336 suspensas·quomero
704 4267 732 4320 B
821 4267 1059 4335 3961taqueiem
1148 4267 1198 4319 397

77 4355 189 4407 nreubro
208 4353 303 4406 hibere
321 4353 348 4407 B
