3044 5020
283 453 321 515 36
769 449 870 506 'Plauti
1198 449 1235 518 ΙΙ,
1254 453 1279 516 5,
1296 453 1395 548 6-15·

723 637 940 704 Sceledrus

283 745 374 810 Haec
396 746 519 840 mulier,
544 765 629 828 quae
651 745 727 811 hinc
749 748 816 814 exlt
838 746 944 828 modo,
972 753 1064 834 estne
1087 747 1177 812 erilis
1200 746 1386 814 concubina

283 851 566 944 Philocomasium,
590 873 630 920 an
653 873 718 918 non
742 861 792 919 est
815 856 875 919 ea?

715 1023 952 1116 Palaestrio

846 1161 854 1184 ι
889 1129 1006 1204 Hercle
1029 1135 1154 1217 opinor,
1177 1155 1217 1199 oa
1239 1133 1382 1199 uidetur.

285 1238 349 1305 Sed
370 1239 497 1306 faoinue
520 1240 636 1304 mirum
659 1247 718 1317 est,
742 1260 807 1323 quo
830 1239 927 1304 modo
950 1239 1032 1306 haee
1054 1240 1130 1306 hine
1156 1241 1220 1306 hue
1241 1243 1384 1308 transire

500 1337 502 1344 ¹
969 1361 972 1368 '
1093 1350 1220 1432 potuit;
1330 1365 1385 1418 420

285 1454 319 1520 Si
343 1453 473 1537 quidem
496 1449 598 1520 eaet'
1015 1457 1019 1468 ’
1095 1449 1130 1482 ’·
1180 1481 1184 1488 ·

725 1581 941 1650 Sceledrus

574 1693 623 1758 An
646 1692 783 1790 dubium
806 1692 903 1758 tibist
926 1713 997 1758 eam
1019 1714 1090 1760 esse
1113 1692 1221 1759 hane?

714 1863 950 1928 Palaestrio

821 1975 827 1988 ’
1179 1970 1383 2036 Eauidetur.

328 2163 331 2170 .
726 2099 941 2165 Sceledrus
1048 2143 1052 2154 ·

284 2209 682 2293 Adeamus3appellemue.
711 2207 809 2287 Heus,
823 2185 903 2290 quid
914 2207 1000 2272 ietuo
1012 2214 1072 2287 eet,
1084 2207 1384 2274 Philocomasium-P

251 2343 253 2348 ’
286 2317 372 2420 Quid
394 2317 455 2382 tibi
476 2318 550 2396 istie
572 2318 606 2381 in
628 2317 737 2382 ietieoe
760 2314 898 2380 oedibus
922 2313 1082 2380 debetur?
1113 2316 1191 2399 quid
1214 2317 1383 2398 negotist?

286 2425 372 2502 Quid
394 2443 480 2490 nunu
502 2424 617 2506 taces?
640 2431 749 2488 tecum
770 2423 897 2506 loquor.

645 2647 649 2656 .
721 2592 952 2658 Palaestrio

646 2693 648 2698 ’
752 2775 765 2806 ·
857 2759 874 2796 0
897 2701 1000 2766 Immo
1023 2701 1139 2785 edepol
1161 2706 1385 2792 tutenteourn3

200 2841 201 2846 ¹
228 2833 235 2846 ·
265 2811 371 2876 .Nam
394 2812 476 2876 haee
498 2811 580 2875 nihil
602 2809 788 2892 respondet.

725 2979 812 3045 Suel
823 3000 846 3064 e
849 2979 868 3043 d
876 3001 893 3043 r
900 3001 943 3044 ua

664 3087 709 3151 Te
732 3086 900 3176 adloquor,
923 3087 984 3151 uiti
1006 3085 1185 3170 probrique
1207 3085 1386 3168 planatae

287 3197 377 3275 Quae
400 3189 520 3261 eireum
541 3197 668 3262 uicinos
691 3215 804 3276 uagae.
1043 3217 1047 3227 ·

652 3325 1005 3430 'Philocomasium

839 3472 976 3551 Quicum
998 3478 1035 3537 tu
1057 3470 1230 3536 fabulare?
1331 3529 1334 3538 ,

727 3639 949 3714 Sceledrue'
1058 3691 1060 3696 -
1102 3698 1109 3714 .

289 3755 426 3834 Quicum
443 3757 505 3822 uisi
522 3758 650 3823 tecum?
911 3745 912 3748 ¹

355 3999 407 4052 418
425 3997 517 4051 auexit
534 3994 562 4050 Β
640 3997 691 4048 420
709 3993 754 4047 hie
773 4009 847 4046 nune
930 3995 1063 4048 transiret
1081 3991 1108 4046 Β
1189 3991 1318 4059 potuerit

256 4131 259 4140 .
287 4084 336 4136 421
361 4081 427 4152 quid
441 4081 575 4146 ‚demeaet
596 4079 624 4134 Β
727 4078 850 4132 dubium·
864 4077 894 4132 id
917 4083 961 4132 eet
982 4095 1044 4133 esee
1066 4082 1096 4132 et
1118 4079 1171 4132 hee
1193 4076 1248 4129 PA.
1272 4093 1334 4130 eam
1359 4075 1387 4130 B

287 4171 339 4222 422
354 4169 394 4222 At
410 4184 504 4222 eamus
579 4164 751 4235 appellamur
771 4163 794 4220 0
864 4165 1060 4232 philomaeium
1078 4163 1106 4218 Β
1181 4163 1233 4216 428
1251 4161 1330 4216 ineoe
1349 4161 1386 4228 Β,

287 4255 317 4307 in
335 4253 412 4308 hisee
431 4252 454 4307 0
535 4253 587 4305 424
603 4252 679 4304 inmo
697 4247 725 4303 Β
810 4250 860 4304 425
878 4249 948 4303 nihil
966 4258 981 4304 e
998 4247 1145 4317 respondit
1224 4241 1385 4316 'propinque

287 4340 338 4400 426
356 4355 428 4406 uaga
446 4355 474 4392 ea
494 4335 517 4392 Ο
583 4339 634 4390 427
651 4341 711 4390 tum
730 4333 757 4388 Β
1169 4343 1178 4366 ·
