2960 5000
775 451 867 506 Plauti

684 638 956 724 Syncerastus

737 871 806 938 Mil
841 872 907 938 hio

442 981 509 1048 Fac
532 1002 610 1065 ergo
632 982 666 1048 id
689 982 787 1048 laoile
810 895 953 1062 iescam,
976 989 1014 1046 nt
1034 980 1090 1047 ille
1113 983 1218 1065 possit
1238 1001 1366 1046 noscere.

691 1151 959 1236 Syncerastus

261 1260 346 1339 Quia
364 1260 610 1345 Adelphasium,
631 1282 730 1345 quam
749 1283 825 1328 erus
843 1261 975 1328 deamat
991 1267 1077 1338 tuus,
1101 1262 1245 1343 ingenua
1261 1265 1314 1324 est.

737 1431 909 1516 Milphio

1172 1537 1366 1617 Quomodo?

688 1682 959 1768 Syncerastus

263 1791 387 1857 Eodem
410 1811 473 1874 quo
498 1811 591 1856 soror
613 1790 701 1855 illius
724 1791 830 1856 altera
852 1791 1070 1856 Anterastilis.

735 1967 904 2052 Milphio

262 2073 359 2154 (ledo,
383 2075 497 2160 quiid
521 2075 675 2142 credam?

690 2217 956 2302 Syncerastus

598 2324 684 2403 Quia
705 2325 779 2390 illas
802 2325 881 2390 emit
903 2327 937 2390 in
960 2323 1136 2390 Anactorio
1159 2321 1312 2408 paruolae
1328 2335 1370 2390 895
1460 2307 1461 2372 l

263 2433 309 2498 De
333 2433 499 2517 praedone
523 2432 641 2500 Siculo.

740 2575 909 2660 Milphio

681 2685 825 2763 Quanti?

687 2837 955 2920 Syncerastus

866 2945 1101 3028 Duodeuiginti
1124 2944 1236 3022 minis;

261 3053 352 3118 Duas
374 3053 448 3118 illas
472 3061 505 3118 et
529 3052 760 3118 Giddenenem
785 3056 943 3118 nutricem
966 3075 1079 3119 earum
1101 3053 1244 3118 tertiam.

263 3161 304 3224 Et
325 3159 390 3240 ille,
415 3161 471 3244 qui
495 3181 551 3225 eas
575 3161 750 3239 uendehat‚
775 3161 857 3226 dixit
879 3183 913 3226 se
936 3161 1075 3227 furtinas
1098 3160 1256 3238 uendere3

261 3267 422 3350 Ingenuas
446 3265 646 3352 Carthagine
670 3271 762 3334 aibat
784 3291 867 3336 esse.

737 3423 908 3507 Milphio

910 3532 950 3597 Di
971 3538 1118 3596 nostram
1140 3527 1256 3594 fidem!

260 3637 403 3703 Nimium
425 3637 571 3722 lepidum
593 3659 754 3705 memoras
777 3639 919 3720 facinus,
950 3662 1025 3705 narn
1050 3661 1124 3704 erus
1148 3657 1238 3701 meus
1261 3635 1374 3718 Agora·

1030 3747 1150 3812 stooles
1331 3757 1375 3811 900

260 3851 386 3919 Ibidem
409 3860 553 3934 gnatust,
577 3854 653 3919 inde
676 3855 858 3940 subruptae
881 3855 949 3920 fere
970 3855 1137 3930 sexennis,
1161 3851 1283 3937 postibi

328 4072 379 4124 899
396 4087 511 4124 noscam
530 4086 582 4138 ego
601 4073 634 4122 ut
651 4069 677 4122 A
772 4073 823 4124 894
841 4069 1029 4124 Anterastillis
1046 4068 1074 4122 A
1169 4069 1219 4120 895
1238 4065 1313 4120 Cedo
1332 4063 1374 4132 qui

260 4157 372 4211 credam
390 4155 424 4222 Α,
444 4155 529 4224 Sequi
547 4154 577 4208 id
595 4154 708 4210 oredam
727 4155 780 4210 BG
875 4155 1051 4210 insnaetoria
1067 4151 1189 4223 paradas
1207 4151 1235 4204 Β
1317 4150 1374 4224 ,896

259 4241 425 4310 Depredone
444 4241 540 4308 syeulo
558 4240 593 4304 Β,
612 4241 706 4294 om.0
760 4242 811 4294 897
830 4245 858 4294 et
877 4240 1076 4294 Giddenemam
1094 4254 1145 4294 orre-
1163 4237 1215 4292 Bo
1271 4239 1321 4292 899
1337 4251 1373 4288 se·

260 4327 370 4394 riagine
389 4324 417 4392 0,
437 4341 486 4378 om.
507 4325 534 4379 Β
606 4325 700 4379 alebat
769 4328 817 4380 901
838 4333 939 4394 gnatus
958 4329 1000 4378 est
1018 4325 1051 4393 A,
1071 4327 1172 4392 gnatus
1191 4329 1218 4377 st
1236 4322 1288 4378 BG
