2932 5008
122 475 152 542 IL
170 479 192 542 3,
210 476 339 528 liu-120
453 511 457 520 ·
589 479 736 534 Mercator.
1146 493 1205 554 165

557 669 752 752 Demipho

590 790 594 799 ·
672 777 737 844 Sed
758 781 814 846 ilie
837 782 926 848 illum
949 784 1101 867 accipiam
1125 787 1203 852 eine.

556 929 756 999 Charinus

120 1037 182 1100 Nou
204 1047 294 1120 potes
316 1046 352 1103 tu
376 1039 449 1121 lege
472 1039 614 1104 uendere
636 1039 735 1106 illum.

559 1193 752 1279 Demipho

754 1305 823 1390 Ego
846 1308 971 1392 aliquid
994 1311 1117 1378 uidero.

557 1455 757 1525 Charinus

116 1563 184 1629 Posi
204 1571 312 1630 autem
335 1566 531 1630 communiet
554 1565 612 1630 ille
635 1565 713 1632 mihi
738 1589 811 1634 oum
834 1571 915 1652 ali03
938 1574 994 1656 qui
1018 1575 1095 1652 scio,

115 1671 190 1748 Quid
211 1675 253 1738 sit
276 1675 305 1739 ei
328 1675 438 1752 enimi,
462 1675 616 1739 uenireue
639 1696 711 1739 eam
734 1677 815 1742 uelit
837 1699 878 1743 an
902 1701 965 1744 nou
988 1681 1090 1747 uelit?

553 1863 751 1947 Demipho

112 1968 173 2051 Ego
194 1971 260 2035 seio
282 1971 378 2037 uelle.

555 2123 755 2192 Charinus

259 2235 302 2298 At
325 2234 380 2318 pol
403 2255 463 2316 ego
486 2255 558 2299 esse
580 2235 677 2299 oredo
700 2237 851 2320 aliquem,
876 2241 932 2322 qui
955 2262 1020 2304 non
1043 2241 1132 2305 uelit.
1151 2259 1202 2312 445

553 2409 751 2495 Demipho

110 2517 187 2594 Quid
210 2521 243 2585 id
268 2540 340 2585 mee
361 2517 485 2584 refert?

553 2671 754 2739 Charinus

360 2779 445 2858 Quia
466 2781 514 2846 illi
536 2802 629 2846 suam
652 2803 722 2846 rem
745 2789 1014 2866 esseoequomeh
1036 2787 1068 2848 iu
1092 2806 1200 2851 manu.

556 2936 751 3020 Demipho

111 3039 190 3118 Quid
212 3045 283 3110 uis?

555 3198 756 3266 Charinus
807 3227 810 3234 ·

169 3305 354 3373 Communis
367 3307 446 3372 mihi
457 3307 515 3374 illu
528 3314 580 3374 esd
599 3329 672 3373 eum
691 3309 772 3390 ali03
796 3309 824 3373 ie
842 3331 927 3374 nunu
944 3309 998 3374 hie
1015 3333 1080 3378 non
1099 3312 1201 3378 adesi.

556 3496 751 3580 Demipho

111 3600 198 3668 Prius
219 3604 407 3689 respondes,
430 3625 529 3688 quam
551 3626 641 3689 rogo.

557 3782 756 3848 Charinus

545 3891 641 3956 Prius
663 3898 700 3956 tu
724 3893 814 3968 omis,
838 3911 936 3975 quem
959 3891 1075 3970 uendo,
1099 3895 1201 3975 puter.

113 3993 233 4076 Nescio,
257 3999 401 4079 inquam,
424 4001 505 4065 uelit
526 3999 581 4066 iile
603 4000 693 4066 illem
716 4020 818 4066 neone
841 3999 1068 4064 abalienarier.

173 4239 223 4291 443
242 4242 420 4291 communest
428 4237 465 4308 Β,
485 4240 640 4294 eommunis
658 4239 733 4294 esiC
799 4240 851 4292 444
869 4239 937 4292 uelit
949 4240 1090 4306 pommus
1108 4253 1157 4292 mm
1176 4235 1204 4292 Β

112 4325 156 4379 446
173 4325 245 4394 Quid
263 4325 299 4380 de
317 4341 380 4379 meo
391 4323 419 4377 B
488 4343 545 4378 rom
564 4343 640 4380 suam
655 4326 683 4380 B
752 4328 803 4380 448
821 4341 884 4378 oum
902 4323 951 4377 illo
1021 4325 1066 4380 hio
1085 4341 1159 4379 nune
1177 4322 1205 4378 Β

112 4411 156 4466 449
171 4413 219 4466 ille
237 4428 289 4468 mn.
307 4411 334 4464 A
