2944 5004
592 495 623 548 v.
643 477 754 548 'ar-ar.
1147 455 1226 557 v299

101 690 138 747 cf.
165 690 258 748 Stich.
285 694 353 750 532.
411 691 485 748 Nou.
510 711 538 767 p.
566 693 639 750 183:
674 711 744 768 „per
767 692 855 761 uices,
880 689 997 746 Naevius
1021 687 1095 746 Belli
1121 690 1225 748 Punici

100 791 156 849 lib.
181 791 255 850 llll:
280 795 440 852 uicissatim
470 793 550 850 uolui
580 790 765 852 uictoriam“.
791 822 827 832 -
859 794 908 850 47.
931 805 1087 868 grtarurea
1110 791 1224 864 hamb,

100 895 138 952 cf.
158 895 200 954 ad
216 895 305 956 Most.
325 899 374 956 97.
397 927 440 936 —
467 898 507 956 48
531 917 574 972 sq.
598 895 684 954 affert
706 896 820 956 Nonius
843 917 872 973 p.
900 897 935 954 ll
960 913 1026 954 oum
1050 894 1134 953 codd.
1159 916 1225 956 eon·

100 999 231 1076 spirans.
272 1000 357 1059 Alter
380 1019 481 1059 versus
501 1001 629 1058 numeris
648 1003 742 1070 earet3
767 998 901 1058 Muretus
919 1018 974 1056 ern.
996 995 1115 1070 „finitor
1132 999 1227 1058 factus

100 1097 200 1160 sum“.
237 1093 432 1177 „Flae't0res“
456 1103 498 1160 ait
508 1101 585 1160 Non.
602 1101 804 1175 „dicebantur,
828 1121 902 1178 quos
919 1121 996 1158 nunc
1014 1100 1227 1173 agrimensores
1315 1136 1321 1148 ·

100 1201 238 1276 dicimus,
263 1204 344 1281 dicti,
375 1203 454 1282 quod
477 1204 550 1262 fines
574 1199 777 1276 dividerent“;
801 1203 836 1262 ci.
861 1203 920 1262 Cic.
945 1203 1014 1280 Agr.
1039 1201 1076 1274 ll,
1104 1205 1150 1276 13,
1176 1205 1225 1264 34.

103 1308 151 1378 17,
178 1308 229 1366 45.
254 1309 303 1380 20,
328 1309 377 1367 53.
400 1337 441 1347 —
466 1309 515 1368 50.
541 1305 628 1377 dore,
653 1306 750 1365 edere.
774 1335 815 1346 —
848 1308 896 1366 52.
925 1301 960 1364 ia
979 1319 1089 1380 maan,
1121 1308 1150 1364 in
1173 1327 1226 1384 po-

99 1413 226 1481 testate,
255 1433 282 1470 v.
307 1410 343 1468 ad
366 1409 472 1487 Amph.
498 1412 547 1469 80.
592 1409 786 1486 Magistratus
813 1409 959 1484 significat
980 1408 1116 1466 ludorum
1141 1430 1225 1468 cura·

98 1518 193 1570 tores.
214 1540 256 1552 -·
275 1516 323 1573 53.
342 1515 479 1571 Auctoris
499 1533 605 1572 nomen
623 1512 765 1590 prologus
782 1531 841 1570 non
860 1512 961 1584 affert3
985 1511 1091 1569 labala
1110 1531 1223 1585 nomen,

99 1613 182 1690 quod
206 1616 358 1690 promisit,
381 1615 511 1691 profert,
536 1620 567 1673 et
588 1621 714 1692 utraque
736 1613 767 1672 id
790 1615 907 1692 quidem
932 1615 1045 1690 lingua,
1069 1623 1103 1674 ut
1126 1615 1223 1675 Casin.

101 1718 136 1775 3]
176 1737 238 1794 sq.:
277 1717 489 1791 „Clerumenoe
516 1725 641 1778 uocatur
674 1719 745 1776 hanc
779 1718 929 1776 comoedia
957 1717 1084 1792 Graece,
1119 1717 1224 1778 Latine

99 1817 298 1880 Sortientes“.
343 1819 477 1880 Graecum
496 1821 583 1880 huius
595 1821 703 1879 fabula
716 1840 821 1879 nomen
834 1825 878 1880 est
889 1822 1086 1896 Καρχηδόνιος,
1099 1821 1222 1880 Plautus

98 1924 159 1982 alio
183 1925 301 1982 nomine
324 1925 500 2002 appellavit,
525 1923 605 2000 quod
633 1925 721 2001 quani
751 1926 968 2002 posterioribus
998 1945 1055 1983 non
1078 1927 1149 1983 satis
1171 1945 1222 1982 ur·

97 2025 212 2083 banum
235 2025 395 2099 videretur,
420 2028 457 2086 ad
480 2027 553 2086 illud
573 2027 734 2102 redierunt,
758 2029 810 2086 sed
832 2034 865 2085 ut
886 2027 990 2084 Latine
1008 2047 1125 2086 versum
1145 2021 1223 2086 Poc-

97 2121 212 2187 nulum
234 2129 374 2202 dicerent,
399 2149 458 2208 quo
480 2151 540 2189 uno
563 2133 680 2189 nomine
704 2131 765 2190 haec
787 2130 888 2188 fabula
910 2131 1143 2206 agrammaticis
1160 2133 1222 2190 lau·

98 2230 199 2291 datur.
244 2233 402 2310 Antiquius
425 2233 539 2292 Latina
561 2235 668 2294 fabula
693 2254 797 2292 nomen
820 2234 877 2292 fuit
897 2227 1037 2294 Patruus
1056 2227 1221 2310 Potesta-

97 2330 242 2410 9onidea,
261 2336 280 2393 i.
294 2357 319 2394 e.
332 2336 462 2395 Patruus
474 2336 734 2413 Carthaginiensis,
754 2338 959 2416 patronymico
977 2337 1084 2396 comice
1096 2337 1222 2396 formato

98 2443 133 2493 ut
156 2437 370 2515 Misargyrides
393 2439 585 2498 Mostellaria
608 2441 733 2516 aliaque,
759 2459 786 2499 v.
806 2439 842 2496 ad
863 2440 929 2498 Aul.
945 2441 1015 2498 362.
1050 2438 1134 2516 Oapt.
1148 2441 1218 2498 284.

100 2539 165 2597 Mil.
184 2543 230 2599 14.
260 2541 367 2600 Pseud.
382 2544 452 2601 991.
487 2541 680 2621 Pultiphugos
694 2543 806 2601 Poenos
827 2543 992 2618 appellatos
1012 2561 1074 2600 esse
1094 2543 1220 2602 vidimus

99 2641 135 2700 ad
153 2643 244 2701 Most.
260 2646 332 2704 813.
371 2645 471 2703 Facile
491 2645 589 2703 Plinio
613 2644 788 2706 crediderim
813 2645 848 2703 H.
863 2645 898 2702 N.
912 2643 1019 2716 XVIII,
1045 2647 1083 2704 83
1111 2645 1220 2722 ,pulta

97 2765 157 2803 non
187 2767 278 2822 pane,
314 2749 421 2806 vixisse
449 2749 538 2824 longo
566 2755 700 2824 tempore
724 2744 903 2819 Romau0s“,
927 2747 978 2806 sed
1002 2747 1079 2804 huno
1101 2748 1221 2818 vivendi

97 2866 209 2906 morem
230 2847 301 2908 ¹aute
324 2849 421 2909 Plauti
444 2856 560 2910 atatam
585 2849 706 2910 desiisse
729 2849 826 2923 oredo,
849 2869 908 2926 qna
931 2855 1055 2926 artoptas
1077 2850 1167 2924 vulgo
1189 2853 1220 2908 in

97 2971 153 3010 usu
185 2957 282 3024 erant,
318 2973 344 3012 v.
369 2953 436 3010 Aul.
462 2955 531 3012 392.
599 2955 696 3025 Quare
723 2973 782 3010 non
813 2952 917 3011 dubito
947 2955 1018 3029 quin
1046 2955 1219 3024 erraverint,

97 3057 148 3130 qui
179 3055 207 3113 h.
236 3055 255 3113 l.
289 3051 600 3132 ,pultiphagonidem“
631 3056 795 3114 Romanurn
825 3055 1037 3114 intellexerunt
1065 3057 1219 3134 ipsumque

97 3155 234 3216 Plautum
258 3157 418 3235 significari
439 3163 599 3236 putarunt,
635 3165 669 3217 ut
692 3157 856 3216 Francken.
881 3151 1022 3216 Mnemos.
1047 3157 1086 3216 lv
1107 3154 1216 3232 (1876)

97 3278 124 3334 p.
152 3263 211 3319 163
236 3281 291 3338 sq,
316 3263 365 3338 qui
389 3282 415 3320 r.
442 3265 480 3321 54
504 3264 546 3320 sic
568 3263 709 3338 scriptum
733 3261 866 3320 volebat:
894 3261 1019 3334 „Latina
1037 3261 1218 3320 PATRUUS

97 3361 205 3420 Plauto
238 3359 521 3440 pultiphagonidae“.
599 3365 778 3442 Corruptum
820 3385 936 3422 versum
975 3385 1038 3428 esse
1077 3371 1218 3442 apparet;

100 3461 236 3540 „platus“
261 3465 334 3524 nihil
358 3471 411 3525 est.
457 3467 533 3526 Edd.
561 3465 720 3540 „Plautus“
747 3469 937 3545 scripserunt,
962 3467 1041 3544 quod
1064 3487 1101 3524 ne
1123 3487 1219 3543 gram·

97 3569 202 3626 matice
225 3569 343 3646 quidem
366 3570 495 3644 intelligi
517 3575 632 3646 potest,
663 3571 721 3626 nisi
749 3590 814 3628 oum
837 3569 956 3628 Murato
981 3567 1117 3644 „Plautr‘
1144 3571 1217 3627 scri-

98 3669 188 3742 bitur,
212 3672 259 3730 vel
282 3674 382 3750 potius
409 3668 586 3745 „Plautist“.
643 3672 812 3750 Geppertus
835 3673 949 3750 aliquid
971 3673 1114 3732 excidisse
1138 3672 1217 3730 arbi-

96 3775 194 3832 tratus
215 3775 258 3833 sio
279 3775 374 3833 locum
397 3773 573 3850 refingehat:

300 3875 519 3936 Carchedonius
542 3883 666 3938 vocatur
687 3879 760 3937 haec
782 3877 933 3938 comoedia

300 3977 419 4054 Graece,
443 3981 549 4040 Latine
572 3981 728 4042 Poenulus.
774 3981 959 4059 Philippides

300 4083 382 4142 Hanc
403 4083 514 4142 Graece
537 4085 665 4161 scripsit,
689 4089 759 4161 post
781 4080 810 4143 id
835 4104 952 4142 rursum
975 4084 1071 4142 denuo

300 4186 406 4246 Lat-ine
427 4187 561 4259 Plautus,
585 4189 727 4264 πατρόθεν
750 4185 1021 4263 Pultiphagonides.

98 4283 207 4346 Ritsch.
232 4287 352 4363 Parerg.
375 4311 404 4366 p.
429 4291 489 4349 205
513 4291 554 4347 sio
577 4289 686 4348 voluit:

298 4391 517 4450 Carchedonius
539 4396 664 4452 uocatur
686 4391 757 4450 haec
781 4389 935 4450 comoedia

255 4527 256 4530 ¹
298 4492 417 4568 Graece,
441 4493 546 4554 Latine
569 4491 695 4553 Patruus
719 4493 994 4574 Pultiplragonides.
