2978 5004
258 475 322 536 224
645 451 646 454 Ἴ
685 465 767 522 Miles
787 466 931 535 gloriosus.

259 664 462 741 redemptores
495 657 615 737 runt*);
649 681 716 720 nam
750 660 819 719 inde
853 661 890 718 ab
922 661 1010 720 initio
1044 661 1145 746 quarti
1178 680 1205 718 a.
1234 657 1303 717 (lhr.
1336 679 1364 716 n.

259 767 359 826 saeculi
381 767 523 844 pleraque
552 765 631 824 bella
659 785 718 824 non
748 783 851 839 regum
874 765 979 838 solum,
1008 765 1061 823 sed
1089 764 1179 822 etiam
1201 761 1366 820 liberarum
1474 845 1475 848 Ἴ

258 871 413 928 civitatum
446 869 627 926 mercenario
665 866 759 926 milite
798 867 988 942 gerebantur.
1044 865 1199 925 Eiusmodi
1231 863 1367 922 homines

260 991 339 1050 saepe
362 991 380 1030 a
401 971 521 1030 comicis
543 970 691 1044 ridentur,
721 991 774 1029 nec
803 971 881 1028 enim
904 971 1015 1029 virtute
1038 975 1069 1028 et
1098 967 1283 1038 fortitudine,
1313 965 1367 1024 sed

258 1095 336 1133 vana
363 1075 539 1148 gloriatione
572 1091 678 1132 nomen
711 1073 768 1130 sibi
797 1073 955 1146 faciebant,
989 1072 1069 1131 bella
1094 1089 1270 1149 pugnasque
1300 1089 1366 1127 cre-

259 1183 374 1257 pantes,
399 1176 506 1254 quibus
528 1195 687 1253 numquam
710 1176 918 1249 interfuerant,
948 1177 1048 1252 ignavi
1070 1181 1102 1233 et
1123 1173 1246 1251 stupidi,
1275 1171 1367 1230 nullis

259 1279 412 1340 blanditiis
440 1299 499 1338 non
526 1279 612 1338 facile
642 1277 797 1336 credentes
822 1298 875 1337 nec
898 1277 1028 1337 ludibrio
1051 1297 1082 1336 se
1105 1276 1206 1336 heberi
1232 1274 1367 1334 animad-

258 1389 420 1455 vertentes,
443 1383 618 1461 plerumque
641 1381 753 1440 divitiis
776 1379 929 1454 afluentes,
958 1399 1033 1458 ques
1063 1399 1128 1438 cum
1159 1379 1368 1438 meretricibus

259 1484 492 1564 profundebant.
526 1485 679 1544 Iactantia
702 1503 790 1543 causa
813 1486 932 1543 nomina
959 1483 1016 1542 sibi
1039 1481 1231 1560 imponebant
1253 1485 1368 1558 magni-

260 1588 325 1660 fica,
360 1609 397 1647 ex
423 1587 495 1646 belli
522 1587 617 1664 gloria
644 1589 742 1663 petita
770 1591 800 1644 et
828 1585 978 1644 interdum
1011 1585 1198 1661 longitudine
1226 1585 1367 1658 insignia

261 1691 332 1751 Noti
355 1696 425 1750 sunt
447 1691 560 1748 Thraso
583 1709 619 1748 ex
636 1688 780 1748 Eunucho
800 1688 941 1762 Terentii,
966 1687 1157 1748 Cleomachus
1174 1685 1367 1756 Bacchidem,

261 1793 477 1872 Stratophanes
499 1793 683 1866 Truculenti,
707 1791 938 1850 Antamoenides
960 1791 1094 1863 Poenuli,
1118 1788 1369 1864 Polymachaero-

261 1897 397 1974 plsgides
413 1895 560 1966 Pseudoli,
580 1893 860 1972 Therapontigonus
877 1893 1091 1968 Platagidorus
1108 1891 1313 1963 Curculionis;
1337 1895 1370 1950 iu

261 1999 316 2057 hac
334 1999 436 2057 fabule
452 1999 623 2056 nominatur
637 1989 906 2075 Pyrgopolinices,
931 1999 1015 2074 qussi
1037 1998 1166 2054 turrium
1189 1995 1370 2070 urbiumque

261 2107 458 2178 expugnator.
493 2101 570 2158 Huic
581 2099 702 2158 additur
719 2101 878 2176 parasitus,
897 2094 1110 2174 Artotrogue,
1121 2099 1206 2175 quasi
1219 2095 1369 2172 ἀρτόιρωε,

261 2207 433 2282 panivorus,
458 2202 635 2281 appellatus,
660 2203 696 2262 cf.
713 2198 949 2278 „Miccotrogus“
974 2199 1068 2259 Stich.
1087 2201 1159 2258 245.
1195 2192 1370 2258 Palaestrio

262 2323 366 2366 sersus
389 2305 568 2382 appellatur,
598 2307 681 2364 cuius
704 2305 772 2364 dolo
796 2309 826 2362 et
848 2305 932 2380 quasi
954 2302 1089 2362 luctandi
1113 2309 1176 2360 arte
1204 2307 1235 2360 et
1257 2305 1370 2360 exerci-

262 2409 377 2466 tatione
398 2413 463 2466 tota
485 2427 533 2465 res
555 2409 681 2483 geritur.
713 2400 887 2466 Pleusicles
910 2412 955 2465 est
973 2407 1154 2479 adolescens,
1177 2407 1263 2482 qussi
1285 2407 1370 2464 navi·

261 2510 360 2588 gando
399 2511 523 2585 gloriam
558 2517 749 2581 consecutus3
788 2529 889 2568 reram
918 2509 1045 2568 nominis
1078 2509 1203 2567 sormam
1233 2507 1372 2584 praebent

262 2614 314 2673 AB
353 2633 380 2672 ι.
413 2615 490 2687 597;
530 2619 600 2670 ante
640 2611 834 2670 Bitscheliurn
874 2631 910 2672 ex
948 2610 971 2670 O
1009 2613 1177 2687 ceterisque
1214 2608 1371 2670 Pleusidee

263 2716 459 2776 scribebatur.
534 2709 808 2790 Pert'plecomerttte
858 2733 947 2773 senex
997 2712 1106 2771 dicitur
1160 2711 1242 2771 fideli
1298 2733 1372 2771 curs

264 2819 477 2878 adolescentem
530 2819 726 2895 amplecteus;
777 2819 808 2874 in
858 2817 943 2876 codd.
993 2815 1265 2892 Periplectomenus
1316 2822 1371 2886 est,

264 2920 345 2997 quod
368 2939 458 2998 quum
480 2919 554 2978 nihil
577 2929 663 2993 esset,
687 2919 867 2978 Ritsohelius
889 2919 1006 2996 Proleg.
1030 2919 1112 2977 Trin.
1136 2937 1166 2994 p.
1186 2915 1373 2976 LXXXVHI

264 3043 366 3082 verum
390 3043 495 3082 nomen
522 3024 671 3095 restituit3
701 3023 869 3099 superiores
894 3015 1214 3096 „Periplectomenes“.
1262 3013 1373 3080 Philo·

264 3121 437 3185 comasium
459 3127 560 3202 puella
577 3125 747 3204 appellatur
764 3127 846 3202 quasi
864 3125 1089 3182 comissationes
1107 3116 1236 3197 (κώμους)
1258 3143 1372 3182 amans.

266 3222 517 3287 Acroteleutium
544 3231 683 3286 meretrix
706 3229 792 3304 quasi
822 3229 921 3285 omnis
949 3243 1113 3302 superans;
1143 3218 1376 3300 Mtlphidippoe

266 3349 373 3388 nomen
396 3349 483 3388 nemo
500 3330 675 3407 explicavit3
699 3329 827 3407 Milphio
847 3331 936 3388 etiam
957 3330 988 3386 in
1010 3327 1143 3387 Poenulo
1161 3328 1240 3386 servi
1262 3347 1375 3387 nomen

267 3435 320 3490 est.
375 3425 539 3492 Sceledrus
579 3434 681 3492 militis
715 3451 819 3491 servus
853 3451 923 3489 num
953 3449 1056 3489 verum
1090 3449 1196 3490 nomen
1229 3431 1373 3504 tenuerit,

267 3538 454 3609 ignoramus;
477 3539 547 3593 sunt
569 3537 621 3612 qui
640 3537 796 3610 σκελιφρόν,
820 3537 839 3592 i.
859 3555 883 3593 e.
908 3533 1033 3610 aridum,
1057 3532 1257 3605 macilentum,
1281 3533 1378 3592 fuisse
1482 3601 1483 3630 1

267 3641 381 3714 putent.
427 3635 504 3696 Utut
536 3641 590 3709 est,
625 3639 656 3696 in
688 3641 898 3716 paronomasia
930 3639 1012 3695 vocis
1047 3655 1076 3712 q.
1106 3655 1131 3693 e.
1167 3635 1262 3692 scelus
1296 3635 1378 3694 ludit
1482 3635 1483 3684 l

268 3739 394 3797 Plautus
427 3759 454 3796 v.
488 3741 558 3798 291.
596 3741 665 3799 332.
702 3742 773 3798 496.
830 3733 965 3812 laberio,
1005 3739 1082 3796 alter
1115 3737 1219 3795 militis
1260 3756 1375 3810 servus,

218 3883 219 3886 ι
269 3861 323 3900 cur
366 3861 384 3899 a
433 3842 514 3900 lucro
559 3843 754 3921 appellandus
798 3846 877 3900 esset
921 3845 974 3899 aut
1018 3861 1071 3898 our
1115 3840 1225 3900 Latino
1275 3841 1379 3917 potius
1482 3835 1483 3882 ἓ

269 3963 358 4021 quam
398 3943 500 4004 Graeco
539 3947 658 4003 nomine
698 3945 858 4016 diceretur,
897 3943 981 4002 nulla
1020 3962 1109 4002 causa
1140 3943 1205 4002 fuit.
1266 3941 1378 4001 Fleolr·

269 4048 380 4106 eisenio
403 4049 477 4106 Arm.
500 4047 573 4124 phil.
596 4047 635 4106 CI
656 4067 685 4126 p.
707 4047 767 4106 846
787 4050 912 4124 deputor
933 4045 1024 4107 fuisse
1047 4043 1218 4119 videbatur;
1242 4044 1380 4122 Buggius

288 4277 314 4346 ¹¹)
341 4277 383 4332 De
404 4295 525 4348 persone
546 4280 642 4334 militis
664 4279 805 4348 copiosius
830 4279 888 4349 egit
909 4279 1063 4335 Lorsnzias
1086 4281 1116 4334 in
1140 4277 1266 4334 editione
1293 4277 1380 4334 huius
1482 4303 1483 4312 ι

339 4362 441 4419 fabule
459 4384 486 4434 p.
507 4367 558 4420 243
576 4382 636 4434 sqq.
1482 4355 1483 4362 ἵ
