2978 5004
300 485 361 547 252
725 481 804 534 Miles
822 479 971 550 gloriosus.

302 697 457 754 „praeseus
490 677 538 734 hic
567 676 688 752 quidem
722 683 766 735 est
799 670 973 754 apologns“.
996 705 1039 715 -
1060 689 1254 750 conprecare,
1292 681 1331 733 nt
1367 675 1408 732 (lii

300 799 384 838 omen
408 781 438 836 in
461 781 566 837 bonam
589 787 706 858 purtem
729 785 857 848 vertant,
882 779 917 836 cf.
930 779 1037 857 Amph.
1052 780 1122 836 733.
1152 777 1237 836 Cure.
1263 779 1341 835 270.
1368 807 1408 816 -
1464 847 1465 860 ἵ

301 883 371 940 397.
396 873 530 953 tmeseia
555 883 605 940 ubi
629 887 803 942 sententiam
826 881 1043 956 interrogabor,
1067 881 1103 940 el.
1128 881 1199 940 Hor.
1220 879 1275 959 Ep.
1303 881 1329 954 l,
1361 883 1408 940 ll.

299 985 354 1042 44:
393 983 503 1056 „Quam
527 987 583 1042 scit
606 991 744 1062 uterque,
777 987 870 1044 libens
898 985 1022 1043 censebo
1045 991 1181 1043 exercent
1203 985 1334 1042 artem“.
1372 983 1407 1040 cl'.
1465 1040 1466 1070 1

298 1085 394 1163 Epist.
418 1085 441 1162 I,
469 1091 514 1158 17,
540 1089 567 1145 8.
595 1089 641 1160 19,
667 1089 695 1146 9.
738 1087 822 1146 Cure.
847 1090 925 1146 402:
964 1083 1109 1160 „uolnm“.
1154 1086 1271 1145 cerium
1296 1087 1349 1145 esi
1372 1089 1406 1142 A.

297 1219 340 1229 -—
363 1191 433 1248 398.
454 1183 565 1264 probri
587 1190 677 1264 Cum,
705 1191 740 1248 cf.
759 1189 865 1269 Amph.
887 1191 947 1250 880
969 1212 1013 1266 sq.
1041 1210 1154 1268 „neque
1176 1211 1223 1248 ms
1245 1193 1408 1268 perpetiar

297 1291 400 1368 probri
433 1291 521 1352 Falso
555 1291 783 1352 insimulatam“.
831 1294 884 1352 llis
918 1295 1006 1352 dictis
1039 1293 1288 1352 Philouomasinm
1327 1293 1408 1351 sedes

297 1398 399 1454 intrat.

384 1499 454 1558 399.
481 1495 634 1574 pesserim
660 1501 697 1557 A.
726 1528 769 1538 -
798 1495 914 1558 dorsus
947 1502 1035 1558 etiam
1064 1499 1178 1558 Nonius
1207 1521 1237 1578 p.
1263 1501 1339 1558 203.
1365 1528 1407 1540 -

293 1580 409 1677 prurit,
434 1624 460 1662 v.
487 1601 524 1658 ad
543 1601 651 1678 Amph.
666 1604 736 1660 291.
760 1631 802 1641 -
824 1605 895 1660 400.
920 1604 1004 1662 certo
1028 1603 1074 1662 eu
1095 1603 1180 1662 ceta
1201 1603 1237 1660 n.
1261 1631 1305 1641 —
1330 1604 1404 1659 401.

296 1699 440 1762 uicissim
463 1703 609 1764 Gertnius.
654 1705 716 1763 Nec
737 1705 863 1763 Acidalii
897 1706 966 1777 „ubi
995 1703 1057 1764 est“
1089 1725 1141 1764 nee
1169 1704 1271 1764 Bothii
1296 1706 1405 1776 „ubiu-

297 1803 373 1866 bist“
399 1807 470 1866 lerri
493 1813 603 1884 potest.
627 1837 669 1848 -
692 1810 763 1867 402.
787 1803 887 1867 adid
919 1804 1101 1882 amplum,
1136 1807 1172 1866 cl.
1194 1809 1266 1866 757.
1306 1807 1402 1865 Mers.

298 1911 367 1968 202.
402 1909 508 1967 Pseud.
543 1912 611 1972 135.
646 1911 727 1969 Pers.
760 1914 830 1972 336.
865 1912 947 1970 Trin.
979 1913 1050 1970 922.
1087 1941 1127 1952 —
1160 1924 1255 1987 quam
1293 1903 1405 1970 Simile

296 2011 386 2085 Cam,
418 2014 584 2088 quotidiani
608 2018 750 2073 sermonis
773 2014 964 2088 abundantis,
992 2035 1019 2072 v.
1044 2013 1081 2072 nd
1103 2015 1187 2072 Asin.
1210 2015 1282 2072 574.
1317 2013 1402 2071 Brix.

296 2113 382 2173 affert
414 2117 506 2174 stium
539 2115 599 2174 cic.
634 2117 719 2176 Brut.
759 2119 807 2190 10,
841 2120 895 2176 39:
941 2117 1097 2190 ‚,Videsns,
1135 2121 1170 2175 ut
1202 2117 1233 2172 in
1267 2136 1303 2173 ea
1338 2116 1404 2192 ipsa

295 2218 378 2293 urbe,
418 2219 449 2276 in
488 2239 549 2296 qua
588 2225 618 2278 et
658 2226 729 2278 nata
768 2225 799 2278 et
831 2222 892 2278 alta
930 2222 969 2280 sit
1008 2221 1185 2296 eloquentia,
1231 2239 1321 2296 quam
1367 2238 1403 2275 es

295 2339 361 2380 sero
393 2321 542 2398 prodierit
575 2323 605 2379 in
638 2319 774 2380 lucem?“
822 2323 856 2382 R.
894 2321 1083 2396 „consimile“
1120 2321 1224 2380 edidit.
1258 2351 1296 2361 -
1327 2321 1399 2379 403.

295 2418 413 2501 Atque,
450 2445 480 2492 v.
508 2425 545 2482 sd
571 2425 678 2503 Amph.
711 2429 781 2485 270.
812 2455 855 2467 -·
889 2425 932 2484 De
961 2428 1067 2485 omisso
1095 2425 1228 2484 subiecto
1259 2423 1400 2483 infinitivi

295 2547 322 2586 v.
347 2529 385 2585 sd
409 2529 480 2586 245.
515 2555 558 2566 -
591 2523 939 2588 asculanensis.
975 2559 1015 2569 -
1049 2531 1110 2587 404
1144 2549 1180 2586 ex
1206 2528 1234 2585 A
1264 2527 1398 2587 Studem.

295 2627 450 2706 Festgrnss
474 2629 593 2688 wurzb.
624 2653 651 2708 p.
678 2633 726 2690 71.
772 2632 843 2690 Vua.
866 2626 931 2691 iam
954 2631 1097 2690 l'leckeis.
1121 2631 1197 2690 Ann-
1222 2631 1296 2708 phil.
1321 2628 1399 2688 CVII

293 2754 322 2810 p.
348 2735 407 2792 504
431 2735 565 2810 spurium
588 2736 812 2811 putat-405
838 2755 874 2793 ex
896 2737 923 2794 A
946 2735 1023 2793 idem
1047 2753 1074 2792 v.
1098 2733 1255 2792 0-400
1280 2751 1398 2809 qnoque

294 2837 403 2896 retinui
436 2837 614 2913 scripturam
649 2839 833 2914 palimpsesti
866 2840 978 2897 omissa
1010 2843 1124 2896 tantum
1155 2855 1227 2896 vose
1264 2829 1398 2912 „prius“‚

294 2958 359 3015 quae
389 2959 480 3016 supra
508 2959 647 2998 numeros
678 2941 801 3000 secedit.
847 2939 899 3000 R.:
937 2943 980 3016 „si
1004 2939 1042 2998 ad
1064 2959 1147 2998 erum
1179 2943 1298 2997 uenerit
1326 2939 1398 2996 haee

295 3039 372 3114 ras“,
396 3043 475 3118 quod
498 3041 548 3100 Br.
571 3043 688 3119 probat,
718 3057 755 3102 ns
778 3044 894 3104 dioerssi
917 3065 1019 3103 versus
1042 3049 1149 3102 careat.
1195 3043 1228 3102 si
1252 3043 1399 3100 retinetur

300 3141 429 3220 „prins“‚
459 3165 577 3202 necesse
600 3153 645 3204 est
670 3143 809 3222 „pulcrs“
836 3147 984 3206 deleatur.
1006 3177 1048 3186 —
1071 3148 1133 3205 407
1158 3147 1199 3204 sic
1222 3149 1253 3204 iu
1275 3146 1303 3203 A
1327 3145 1398 3218 legit

296 3244 390 3324 Gspp.
415 3246 499 3305 Stnd.
523 3246 553 3304 11
575 3269 604 3326 p.
630 3251 678 3308 28.
723 3249 818 3308 Affert
841 3249 960 3310 Servius
984 3251 1021 3310 ad
1043 3249 1112 3308 ΕΠ.
1135 3247 1159 3321 Ι,
1185 3249 1260 3307 233:
1295 3247 1398 3320 „Nune

296 3351 356 3408 seio
378 3349 450 3408 mihi
473 3351 511 3408 ob
535 3353 634 3411 oculos
658 3354 813 3427 caliginem
836 3349 1017 3412 obstitisse“.
1062 3347 1142 3410 milri
1165 3351 1250 3409 abest
1273 3371 1291 3408 a
1314 3350 1339 3408 B
1363 3342 1396 3408 C.

299 3483 334 3491 -
359 3454 430 3511 408.
448 3449 581 3528 planum
605 3457 654 3514 est
675 3449 712 3514 id
731 3457 759 3514 A
781 3462 848 3516 test.
873 3456 971 3516 Loew.
998 3485 1033 3494 -
1059 3469 1146 3534 quae,
1169 3473 1195 3510 v.
1220 3454 1256 3512 ad
1282 3455 1334 3512 66.
1359 3481 1394 3493 -

295 3549 532 3614 1116061681.-
555 3559 626 3618 400.
650 3553 742 3620 Nihil
764 3551 859 3618 habeo
884 3555 967 3633 certi,
990 3579 1048 3618 nou
1071 3563 1151 3616 certo
1174 3559 1245 3615 snio.
1266 3583 1305 3596 -
1325 3557 1395 3615 410.

295 3673 355 3718 000
370 3673 473 3734 paene
488 3655 667 3735 perdidisti
689 3660 768 3720 Cam.

380 3765 451 3821 413.
486 3761 532 3821 Ex
560 3763 673 3824 edibus
701 3765 935 3843 Periplecomsni
963 3763 1209 3824 Philocomasium
1243 3761 1397 3839 agreditur

298 3865 419 3924 alterius
458 3869 568 3926 sororis
601 3889 760 3946 personam
789 3887 895 3944 agens,
937 3873 967 3924 et
1000 3867 1085 3944 qnasi
1118 3885 1213 3944 nuper
1246 3867 1400 3924 advenerit

296 3969 411 4045 diisque
445 3972 591 4030 adventus
624 3991 713 4030 censs
746 3971 948 4030 sacrificatura
981 3973 1029 4045 sit,
1068 3971 1203 4028 ancillam
1237 3967 1322 4027 iubat
1356 3971 1396 4045 ig·

297 4093 362 4130 nem
396 4075 426 4131 in
460 4095 540 4132 uram
581 4083 650 4132 ante
684 4073 763 4133 ades
796 4076 924 4152 positam
953 4074 1062 4132 inferre
1096 4067 1201 4148 (Poeu.
1237 4065 1313 4146 316)
1347 4077 1397 4130 sul

295 4176 416 4248 indere;
449 4172 523 4236 inde
556 4177 591 4236 cl.
626 4176 716 4238 Stich.
753 4179 823 4236 704.
846 4207 889 4217 -
912 4172 1022 4237 laudes
1055 4181 1127 4248 ost,
1163 4174 1198 4234 cf.
1233 4173 1297 4233 Liv.
1332 4174 1395 4246 vn,

297 4281 345 4354 36,
377 4281 409 4339 l:
453 4279 529 4353 „diis
567 4279 670 4338 laudes
703 4287 861 4367 gratesque
895 4275 1017 4356 agnnt“.
1069 4278 1137 4337 Tau.
1171 4277 1247 4336 Anu.
1282 4277 1306 4349 I,
1341 4279 1395 4337 60:

297 4382 417 4458 „laudes
440 4389 470 4441 st
491 4391 589 4462 grates
612 4385 736 4442 reversis
759 4384 924 4462 legionibus
946 4378 1132 4443 habentsm“.
1153 4409 1193 4421 -
1211 4381 1282 4439 415.
1308 4373 1394 4457 Quae
