<?xml version="1.0" encoding="UTF-8"?>
<!DOCTYPE html PUBLIC "-//W3C//DTD XHTML 1.0 Transitional//EN"
    "http://www.w3.org/TR/xhtml1/DTD/xhtml1-transitional.dtd">
<html xmlns="http://www.w3.org/1999/xhtml" xml:lang="en" lang="en">
 <head>
  <title>
</title>
<meta http-equiv="Content-Type" content="text/html;charset=utf-8" />
  <meta name='ocr-system' content='tesseract 3.04.00' />
  <meta name='ocr-capabilities' content='ocr_page ocr_carea ocr_par ocr_line ocrx_word'/>
</head>
<body>
  <div class='ocr_page' id='page_1' title='image "./tmacciiplautico01ussigoog_0231.png"; bbox 0 0 2978 5004; ppageno 0'>
   <div class='ocr_carea' id='block_1_1' title="bbox 273 461 871 529">
    <p class='ocr_par' dir='ltr' id='par_1_1' title="bbox 273 461 871 529">
     <span class='ocr_line' id='line_1_1' title="bbox 273 461 871 529; baseline -0.022 0"><span class='ocrx_word' id='word_1_1' title='bbox 273 469 335 529; x_wconf 87' lang='grc'><strong>222</strong></span> <span class='ocrx_word' id='word_1_2' title='bbox 789 461 871 517; x_wconf 80' lang='lat' dir='ltr'><strong>Miles</strong></span> 
     </span>
    </p>
   </div>
   <div class='ocr_carea' id='block_1_2' title="bbox 272 656 1373 1044">
    <p class='ocr_par' dir='ltr' id='par_1_2' title="bbox 272 656 1372 840">
     <span class='ocr_line' id='line_1_2' title="bbox 272 656 1372 737; baseline -0.004 -19"><span class='ocrx_word' id='word_1_3' title='bbox 272 659 426 737; x_wconf 88' lang='lat' dir='ltr'><strong>perculsus</strong></span> <span class='ocrx_word' id='word_1_4' title='bbox 444 665 474 716; x_wconf 91' lang='lat' dir='ltr'><strong>et</strong></span> <span class='ocrx_word' id='word_1_5' title='bbox 489 660 526 734; x_wconf 80' lang='grc' dir='ltr'><strong>μὴ</strong></span> <span class='ocrx_word' id='word_1_6' title='bbox 542 659 751 732; x_wconf 74' lang='grc' dir='ltr'><strong><em>μνησικακήσειν</em></strong></span> <span class='ocrx_word' id='word_1_7' title='bbox 769 657 909 735; x_wconf 77' lang='lat' dir='ltr'><strong>promisit</strong></span> <span class='ocrx_word' id='word_1_8' title='bbox 926 663 956 715; x_wconf 90' lang='lat' dir='ltr'><strong>et</strong></span> <span class='ocrx_word' id='word_1_9' title='bbox 978 659 1072 716; x_wconf 84' lang='lat' dir='ltr'><strong>servis</strong></span> <span class='ocrx_word' id='word_1_10' title='bbox 1095 675 1127 716; x_wconf 94' lang='lat' dir='ltr'><strong>se</strong></span> <span class='ocrx_word' id='word_1_11' title='bbox 1145 656 1372 716; x_wconf 72' lang='lat' dir='ltr'><strong>verberantibus</strong></span> 
     </span>
     <span class='ocr_line' id='line_1_3' title="bbox 272 760 545 840; baseline -0.004 -19"><span class='ocrx_word' id='word_1_12' title='bbox 272 763 429 840; x_wconf 89' lang='lat' dir='ltr'><strong>pecuniam</strong></span> <span class='ocrx_word' id='word_1_13' title='bbox 453 760 545 820; x_wconf 89' lang='lat' dir='ltr'><strong>dedit.</strong></span> 
     </span>
    </p>

    <p class='ocr_par' dir='ltr' id='par_1_3' title="bbox 273 857 1373 1044">
     <span class='ocr_line' id='line_1_4' title="bbox 358 857 1372 940; baseline -0.003 -18"><span class='ocrx_word' id='word_1_14' title='bbox 358 863 422 924; x_wconf 88' lang='lat' dir='ltr'><strong>Hoc</strong></span> <span class='ocrx_word' id='word_1_15' title='bbox 443 868 618 940; x_wconf 85' lang='lat' dir='ltr'><strong>argumento</strong></span> <span class='ocrx_word' id='word_1_16' title='bbox 642 857 745 922; x_wconf 88' lang='lat' dir='ltr'><strong>audito</strong></span> <span class='ocrx_word' id='word_1_17' title='bbox 768 863 926 940; x_wconf 89' lang='lat' dir='ltr'><strong>plerosque</strong></span> <span class='ocrx_word' id='word_1_18' title='bbox 949 861 1078 922; x_wconf 73' lang='lat' dir='ltr'>arbitror</span> <span class='ocrx_word' id='word_1_19' title='bbox 1101 861 1284 921; x_wconf 89' lang='lat' dir='ltr'><strong>iudicaturos</strong></span> <span class='ocrx_word' id='word_1_20' title='bbox 1301 881 1372 936; x_wconf 84' lang='lat' dir='ltr'><strong>esse,</strong></span> 
     </span>
     <span class='ocr_line' id='line_1_5' title="bbox 273 965 1373 1044; baseline -0.002 -20"><span class='ocrx_word' id='word_1_21' title='bbox 273 968 422 1044; x_wconf 88' lang='lat' dir='ltr'><strong>egregiam</strong></span> <span class='ocrx_word' id='word_1_22' title='bbox 449 965 519 1024; x_wconf 90' lang='lat' dir='ltr'><strong>inde</strong></span> <span class='ocrx_word' id='word_1_23' title='bbox 547 965 679 1024; x_wconf 79' lang='lat' dir='ltr'><strong>tabulam</strong></span> <span class='ocrx_word' id='word_1_24' title='bbox 706 965 772 1024; x_wconf 87' lang='lat' dir='ltr'><strong>fieri</strong></span> <span class='ocrx_word' id='word_1_25' title='bbox 799 983 888 1042; x_wconf 87' lang='lat' dir='ltr'><strong>posse</strong></span> <span class='ocrx_word' id='word_1_26' title='bbox 916 967 1090 1042; x_wconf 87' lang='lat' dir='ltr'><strong>optimoque</strong></span> <span class='ocrx_word' id='word_1_27' title='bbox 1122 969 1213 1042; x_wconf 87' lang='lat' dir='ltr'><strong>poete</strong></span> <span class='ocrx_word' id='word_1_28' title='bbox 1240 965 1373 1040; x_wconf 66' lang='lat' dir='ltr'><strong>dignam</strong></span> 
     </span>
    </p>
   </div>
   <div class='ocr_carea' id='block_1_3' title="bbox 271 1067 1473 1146">
    <p class='ocr_par' dir='ltr' id='par_1_4' title="bbox 271 1067 1473 1146">
     <span class='ocr_line' id='line_1_6' title="bbox 271 1067 1473 1146; baseline -0.002 -20"><span class='ocrx_word' id='word_1_29' title='bbox 271 1089 339 1128; x_wconf 88' lang='lat' dir='ltr'><strong>uam</strong></span> <span class='ocrx_word' id='word_1_30' title='bbox 367 1075 398 1126; x_wconf 90' lang='lat' dir='ltr'><strong>et</strong></span> <span class='ocrx_word' id='word_1_31' title='bbox 425 1088 524 1127; x_wconf 91' lang='lat' dir='ltr'><strong>rerum</strong></span> <span class='ocrx_word' id='word_1_32' title='bbox 554 1074 583 1126; x_wconf 90' lang='lat' dir='ltr'><strong>et</strong></span> <span class='ocrx_word' id='word_1_33' title='bbox 615 1087 812 1146; x_wconf 89' lang='lat' dir='ltr'><strong>personarum</strong></span> <span class='ocrx_word' id='word_1_34' title='bbox 845 1067 991 1126; x_wconf 86' lang='lat' dir='ltr'><strong>varietate</strong></span> <span class='ocrx_word' id='word_1_35' title='bbox 1019 1067 1148 1142; x_wconf 89' lang='lat' dir='ltr'><strong>excellit,</strong></span> <span class='ocrx_word' id='word_1_36' title='bbox 1184 1071 1214 1126; x_wconf 88' lang='lat' dir='ltr'><strong>et</strong></span> <span class='ocrx_word' id='word_1_37' title='bbox 1240 1068 1374 1144; x_wconf 90' lang='lat' dir='ltr'><strong>pericula</strong></span> <span class='ocrx_word' id='word_1_38' title='bbox 1472 1129 1473 1132; x_wconf 8' lang='grc' dir='ltr'><strong>Ἴ</strong></span> 
     </span>
    </p>
   </div>
   <div class='ocr_carea' id='block_1_4' title="bbox 270 1171 1378 2684">
    <p class='ocr_par' dir='ltr' id='par_1_5' title="bbox 270 1171 1378 2684">
     <span class='ocr_line' id='line_1_7' title="bbox 271 1171 1374 1250; baseline -0.004 -20"><span class='ocrx_word' id='word_1_39' title='bbox 271 1173 445 1250; x_wconf 82' lang='lat' dir='ltr'><strong>gravissima</strong></span> <span class='ocrx_word' id='word_1_40' title='bbox 466 1172 504 1230; x_wconf 90' lang='lat' dir='ltr'><strong>iis</strong></span> <span class='ocrx_word' id='word_1_41' title='bbox 521 1171 611 1230; x_wconf 88' lang='lat' dir='ltr'><strong>rebus</strong></span> <span class='ocrx_word' id='word_1_42' title='bbox 627 1176 819 1248; x_wconf 80' lang='lat' dir='ltr'>superantur,</span> <span class='ocrx_word' id='word_1_43' title='bbox 843 1189 909 1246; x_wconf 77' lang='lat' dir='ltr'><strong>quae</strong></span> <span class='ocrx_word' id='word_1_44' title='bbox 926 1171 958 1228; x_wconf 91' lang='lat' dir='ltr'><strong>in</strong></span> <span class='ocrx_word' id='word_1_45' title='bbox 975 1171 1041 1248; x_wconf 91' lang='lat' dir='ltr'><strong>ipso</strong></span> <span class='ocrx_word' id='word_1_46' title='bbox 1063 1175 1239 1246; x_wconf 89' lang='lat' dir='ltr'><strong>argumento</strong></span> <span class='ocrx_word' id='word_1_47' title='bbox 1261 1171 1374 1242; x_wconf 88' lang='lat' dir='ltr'><strong>insunt,</strong></span> 
     </span>
     <span class='ocr_line' id='line_1_8' title="bbox 272 1273 1373 1349; baseline -0.004 -17"><span class='ocrx_word' id='word_1_48' title='bbox 272 1275 434 1333; x_wconf 88' lang='lat' dir='ltr'><strong>alterorum</strong></span> <span class='ocrx_word' id='word_1_49' title='bbox 457 1275 570 1332; x_wconf 82' lang='lat' dir='ltr'><strong>virtute</strong></span> <span class='ocrx_word' id='word_1_50' title='bbox 592 1279 623 1331; x_wconf 93' lang='lat' dir='ltr'><strong>et</strong></span> <span class='ocrx_word' id='word_1_51' title='bbox 646 1273 778 1346; x_wconf 84' lang='lat' dir='ltr'><strong>audacia,</strong></span> <span class='ocrx_word' id='word_1_52' title='bbox 802 1273 966 1332; x_wconf 86' lang='lat' dir='ltr'><strong>alterorum</strong></span> <span class='ocrx_word' id='word_1_53' title='bbox 988 1273 1164 1348; x_wconf 71' lang='lat' dir='ltr'><strong>stupiditate</strong></span> <span class='ocrx_word' id='word_1_54' title='bbox 1182 1277 1213 1330; x_wconf 91' lang='lat' dir='ltr'><strong>et</strong></span> <span class='ocrx_word' id='word_1_55' title='bbox 1229 1273 1373 1349; x_wconf 89' lang='lat' dir='ltr'><strong>nequitia.</strong></span> 
     </span>
     <span class='ocr_line' id='line_1_9' title="bbox 271 1373 1375 1453; baseline -0.003 -18"><span class='ocrx_word' id='word_1_56' title='bbox 271 1377 485 1436; x_wconf 87' lang='lat' dir='ltr'><strong>Nihilominus</strong></span> <span class='ocrx_word' id='word_1_57' title='bbox 502 1377 624 1435; x_wconf 89' lang='lat' dir='ltr'><strong>fuerunt</strong></span> <span class='ocrx_word' id='word_1_58' title='bbox 642 1377 692 1453; x_wconf 91' lang='lat' dir='ltr'><strong>qui</strong></span> <span class='ocrx_word' id='word_1_59' title='bbox 711 1374 973 1452; x_wconf 86' lang='lat' dir='ltr'><strong>reprehenderent,</strong></span> <span class='ocrx_word' id='word_1_60' title='bbox 998 1395 1032 1433; x_wconf 87' lang='lat' dir='ltr'><strong>ac</strong></span> <span class='ocrx_word' id='word_1_61' title='bbox 1049 1394 1108 1433; x_wconf 92' lang='lat' dir='ltr'><strong>nou</strong></span> <span class='ocrx_word' id='word_1_62' title='bbox 1126 1395 1218 1432; x_wconf 91' lang='lat' dir='ltr'><strong>unum</strong></span> <span class='ocrx_word' id='word_1_63' title='bbox 1240 1374 1306 1442; x_wconf 73' lang='lat' dir='ltr'><strong>sed,</strong></span> <span class='ocrx_word' id='word_1_64' title='bbox 1317 1373 1375 1433; x_wconf 93' lang='lat' dir='ltr'><strong>duo</strong></span> 
     </span>
     <span class='ocr_line' id='line_1_10' title="bbox 272 1474 1375 1557; baseline -0.005 -19"><span class='ocrx_word' id='word_1_65' title='bbox 272 1485 447 1557; x_wconf 88' lang='lat' dir='ltr'><strong>argumenta</strong></span> <span class='ocrx_word' id='word_1_66' title='bbox 479 1499 542 1537; x_wconf 88' lang='lat' dir='ltr'><strong>sese</strong></span> <span class='ocrx_word' id='word_1_67' title='bbox 572 1477 705 1537; x_wconf 81' lang='lat' dir='ltr'><strong>dicerent</strong></span> <span class='ocrx_word' id='word_1_68' title='bbox 731 1481 814 1536; x_wconf 86' lang='lat' dir='ltr'><strong>tenui</strong></span> <span class='ocrx_word' id='word_1_69' title='bbox 841 1474 960 1537; x_wconf 82' lang='lat' dir='ltr'><strong>vinculo</strong></span> <span class='ocrx_word' id='word_1_70' title='bbox 991 1480 1156 1550; x_wconf 85' lang='lat' dir='ltr'><strong>coniuncta,</strong></span> <span class='ocrx_word' id='word_1_71' title='bbox 1190 1477 1270 1535; x_wconf 90' lang='lat' dir='ltr'><strong>unde</strong></span> <span class='ocrx_word' id='word_1_72' title='bbox 1300 1475 1375 1535; x_wconf 85' lang='lat' dir='ltr'><strong>effici</strong></span> 
     </span>
     <span class='ocr_line' id='line_1_11' title="bbox 271 1579 1374 1660; baseline -0.004 -20"><span class='ocrx_word' id='word_1_73' title='bbox 271 1588 424 1660; x_wconf 90' lang='lat' dir='ltr'><strong>putarunt,</strong></span> <span class='ocrx_word' id='word_1_74' title='bbox 454 1581 592 1640; x_wconf 88' lang='lat' dir='ltr'><strong>Plautum</strong></span> <span class='ocrx_word' id='word_1_75' title='bbox 616 1601 676 1640; x_wconf 92' lang='lat' dir='ltr'><strong>non</strong></span> <span class='ocrx_word' id='word_1_76' title='bbox 705 1601 794 1638; x_wconf 91' lang='lat' dir='ltr'><strong>unam</strong></span> <span class='ocrx_word' id='word_1_77' title='bbox 820 1581 951 1640; x_wconf 85' lang='lat' dir='ltr'><strong>fabulam</strong></span> <span class='ocrx_word' id='word_1_78' title='bbox 973 1579 1107 1639; x_wconf 67' lang='lat' dir='ltr'><strong>Graecam</strong></span> <span class='ocrx_word' id='word_1_79' title='bbox 1129 1581 1279 1638; x_wconf 88' lang='lat' dir='ltr'><strong>imitatum</strong></span> <span class='ocrx_word' id='word_1_80' title='bbox 1302 1599 1374 1653; x_wconf 87' lang='lat' dir='ltr'><strong>esse,</strong></span> 
     </span>
     <span class='ocr_line' id='line_1_12' title="bbox 271 1683 1377 1760; baseline -0.003 -17"><span class='ocrx_word' id='word_1_81' title='bbox 271 1686 323 1744; x_wconf 92' lang='lat' dir='ltr'><strong>sed</strong></span> <span class='ocrx_word' id='word_1_82' title='bbox 350 1685 424 1744; x_wconf 89' lang='lat' dir='ltr'><strong>duae</strong></span> <span class='ocrx_word' id='word_1_83' title='bbox 451 1685 681 1756; x_wconf 67' lang='lat' dir='ltr'><strong>conmmiuaee03</strong></span> <span class='ocrx_word' id='word_1_84' title='bbox 711 1683 859 1742; x_wconf 88' lang='lat' dir='ltr'><strong>Lueciano</strong></span> <span class='ocrx_word' id='word_1_85' title='bbox 889 1687 965 1742; x_wconf 90' lang='lat' dir='ltr'><strong>enim</strong></span> <span class='ocrx_word' id='word_1_86' title='bbox 997 1685 1131 1744; x_wconf 86' lang='lat' dir='ltr'><strong>convicio</strong></span> <span class='ocrx_word' id='word_1_87' title='bbox 1159 1683 1292 1760; x_wconf 88' lang='lat' dir='ltr'><strong>gaudent</strong></span> <span class='ocrx_word' id='word_1_88' title='bbox 1319 1685 1377 1742; x_wconf 78' lang='lat' dir='ltr'><strong>riri</strong></span> 
     </span>
     <span class='ocr_line' id='line_1_13' title="bbox 272 1785 1377 1864; baseline -0.002 -20"><span class='ocrx_word' id='word_1_89' title='bbox 272 1788 361 1846; x_wconf 91' lang='lat' dir='ltr'><strong>docti.</strong></span> <span class='ocrx_word' id='word_1_90' title='bbox 407 1787 492 1859; x_wconf 83' lang='lat' dir='ltr'><strong>Quod</strong></span> <span class='ocrx_word' id='word_1_91' title='bbox 524 1806 614 1862; x_wconf 89' lang='lat' dir='ltr'><strong>quum</strong></span> <span class='ocrx_word' id='word_1_92' title='bbox 643 1785 832 1862; x_wconf 80' lang='lat' dir='ltr'><strong>Ladewigius</strong></span> <span class='ocrx_word' id='word_1_93' title='bbox 865 1791 896 1844; x_wconf 91' lang='lat' dir='ltr'><strong>et</strong></span> <span class='ocrx_word' id='word_1_94' title='bbox 922 1785 1085 1846; x_wconf 82' lang='lat' dir='ltr'><strong>Lorenzius</strong></span> <span class='ocrx_word' id='word_1_95' title='bbox 1117 1787 1246 1864; x_wconf 90' lang='lat' dir='ltr'><strong>probare</strong></span> <span class='ocrx_word' id='word_1_96' title='bbox 1279 1787 1377 1844; x_wconf 89' lang='lat' dir='ltr'><strong>conati</strong></span> 
     </span>
     <span class='ocr_line' id='line_1_14' title="bbox 272 1883 1377 1966; baseline -0.002 -18"><span class='ocrx_word' id='word_1_97' title='bbox 272 1897 380 1962; x_wconf 81' lang='lat' dir='ltr'><strong>esseut,</strong></span> <span class='ocrx_word' id='word_1_98' title='bbox 425 1891 561 1966; x_wconf 82' lang='lat' dir='ltr'><strong>quamvis</strong></span> <span class='ocrx_word' id='word_1_99' title='bbox 594 1888 713 1946; x_wconf 82' lang='lat' dir='ltr'><strong>Brixiae</strong></span> <span class='ocrx_word' id='word_1_100' title='bbox 746 1889 911 1966; x_wconf 86' lang='lat' dir='ltr'><strong>prudenter</strong></span> <span class='ocrx_word' id='word_1_101' title='bbox 944 1883 1109 1962; x_wconf 73' lang='lat' dir='ltr'><strong>reiecerit‚‘</strong></span> <span class='ocrx_word' id='word_1_102' title='bbox 1131 1889 1165 1947; x_wconf 89' lang='lat' dir='ltr'><strong>F.</strong></span> <span class='ocrx_word' id='word_1_103' title='bbox 1196 1887 1377 1947; x_wconf 85' lang='lat' dir='ltr'><strong>Schmidtius</strong></span> 
     </span>
     <span class='ocr_line' id='line_1_15' title="bbox 271 1985 1376 2070; baseline -0.002 -20"><span class='ocrx_word' id='word_1_104' title='bbox 271 1999 369 2050; x_wconf 87' lang='lat' dir='ltr'><strong>tamen</strong></span> <span class='ocrx_word' id='word_1_105' title='bbox 398 1985 517 2067; x_wconf 84' lang='lat' dir='ltr'><strong>(Annal.</strong></span> <span class='ocrx_word' id='word_1_106' title='bbox 540 1991 613 2070; x_wconf 89' lang='lat' dir='ltr'><strong>phil.</strong></span> <span class='ocrx_word' id='word_1_107' title='bbox 637 1991 782 2069; x_wconf 78' lang='lat' dir='ltr'><strong>supplem.</strong></span> <span class='ocrx_word' id='word_1_108' title='bbox 805 1990 849 2048; x_wconf 79' lang='lat' dir='ltr'><strong>[x</strong></span> <span class='ocrx_word' id='word_1_109' title='bbox 875 2011 906 2068; x_wconf 93' lang='lat' dir='ltr'><strong>p.</strong></span> <span class='ocrx_word' id='word_1_110' title='bbox 932 1985 1007 2068; x_wconf 85' lang='grc'>391)</span> <span class='ocrx_word' id='word_1_111' title='bbox 1036 1991 1134 2050; x_wconf 91' lang='lat' dir='ltr'><strong>denuo</strong></span> <span class='ocrx_word' id='word_1_112' title='bbox 1161 1989 1300 2068; x_wconf 89' lang='lat' dir='ltr'><strong>pluribus</strong></span> <span class='ocrx_word' id='word_1_113' title='bbox 1329 2010 1376 2048; x_wconf 88' lang='lat' dir='ltr'><strong>ex·</strong></span> 
     </span>
     <span class='ocr_line' id='line_1_16' title="bbox 271 2093 1376 2172; baseline -0.003 -20"><span class='ocrx_word' id='word_1_114' title='bbox 271 2097 386 2172; x_wconf 92' lang='lat' dir='ltr'><strong>posuit;</strong></span> <span class='ocrx_word' id='word_1_115' title='bbox 409 2097 495 2171; x_wconf 88' lang='lat' dir='ltr'><strong>quasi</strong></span> <span class='ocrx_word' id='word_1_116' title='bbox 518 2096 642 2170; x_wconf 82' lang='lat' dir='ltr'><strong>integrae</strong></span> <span class='ocrx_word' id='word_1_117' title='bbox 659 2093 767 2152; x_wconf 81' lang='lat' dir='ltr'><strong>fabulae</strong></span> <span class='ocrx_word' id='word_1_118' title='bbox 784 2097 865 2150; x_wconf 84' lang='lat' dir='ltr'><strong>esset</strong></span> <span class='ocrx_word' id='word_1_119' title='bbox 883 2099 1091 2170; x_wconf 75' lang='lat' dir='ltr'><strong>argumentum</strong></span> <span class='ocrx_word' id='word_1_120' title='bbox 1109 2093 1185 2152; x_wconf 90' lang='lat' dir='ltr'><strong>illud</strong></span> <span class='ocrx_word' id='word_1_121' title='bbox 1202 2093 1239 2152; x_wconf 91' lang='lat' dir='ltr'><strong>de</strong></span> <span class='ocrx_word' id='word_1_122' title='bbox 1261 2093 1376 2171; x_wconf 85' lang='lat' dir='ltr'><strong>pariete</strong></span> 
     </span>
     <span class='ocr_line' id='line_1_17' title="bbox 271 2195 1376 2274; baseline -0.003 -19"><span class='ocrx_word' id='word_1_123' title='bbox 271 2197 406 2274; x_wconf 87' lang='lat' dir='ltr'><strong>perfosso</strong></span> <span class='ocrx_word' id='word_1_124' title='bbox 428 2203 458 2255; x_wconf 92' lang='lat' dir='ltr'><strong>et</strong></span> <span class='ocrx_word' id='word_1_125' title='bbox 479 2216 564 2256; x_wconf 85' lang='lat' dir='ltr'><strong>servo</strong></span> <span class='ocrx_word' id='word_1_126' title='bbox 588 2195 719 2255; x_wconf 90' lang='lat' dir='ltr'><strong>ludibrio</strong></span> <span class='ocrx_word' id='word_1_127' title='bbox 739 2195 850 2270; x_wconf 90' lang='lat' dir='ltr'><strong>habito,</strong></span> <span class='ocrx_word' id='word_1_128' title='bbox 876 2215 910 2254; x_wconf 91' lang='lat' dir='ltr'><strong>ac</strong></span> <span class='ocrx_word' id='word_1_129' title='bbox 931 2217 990 2255; x_wconf 94' lang='lat' dir='ltr'><strong>non</strong></span> <span class='ocrx_word' id='word_1_130' title='bbox 1007 2214 1109 2256; x_wconf 91' lang='lat' dir='ltr'><strong>omnes</strong></span> <span class='ocrx_word' id='word_1_131' title='bbox 1128 2196 1239 2256; x_wconf 90' lang='lat' dir='ltr'><strong>dicturi</strong></span> <span class='ocrx_word' id='word_1_132' title='bbox 1256 2195 1376 2266; x_wconf 84' lang='lat' dir='ltr'><strong>luerint,</strong></span> 
     </span>
     <span class='ocr_line' id='line_1_18' title="bbox 271 2298 1378 2376; baseline -0.004 -18"><span class='ocrx_word' id='word_1_133' title='bbox 271 2307 334 2358; x_wconf 89' lang='lat' dir='ltr'><strong>tum</strong></span> <span class='ocrx_word' id='word_1_134' title='bbox 361 2299 478 2358; x_wconf 88' lang='lat' dir='ltr'><strong>demum</strong></span> <span class='ocrx_word' id='word_1_135' title='bbox 509 2298 624 2358; x_wconf 87' lang='lat' dir='ltr'><strong>finitam</strong></span> <span class='ocrx_word' id='word_1_136' title='bbox 653 2317 716 2356; x_wconf 88' lang='lat' dir='ltr'><strong>esee</strong></span> <span class='ocrx_word' id='word_1_137' title='bbox 745 2299 886 2372; x_wconf 80' lang='lat' dir='ltr'><strong>fabulam,</strong></span> <span class='ocrx_word' id='word_1_138' title='bbox 921 2298 972 2358; x_wconf 90' lang='lat' dir='ltr'><strong>ubi</strong></span> <span class='ocrx_word' id='word_1_139' title='bbox 1004 2299 1105 2376; x_wconf 86' lang='lat' dir='ltr'><strong>puella</strong></span> <span class='ocrx_word' id='word_1_140' title='bbox 1137 2299 1265 2358; x_wconf 86' lang='lat' dir='ltr'><strong>liberata</strong></span> <span class='ocrx_word' id='word_1_141' title='bbox 1298 2303 1378 2356; x_wconf 86' lang='lat' dir='ltr'><strong>esset</strong></span> 
     </span>
     <span class='ocr_line' id='line_1_19' title="bbox 272 2399 1376 2481; baseline -0.003 -20"><span class='ocrx_word' id='word_1_142' title='bbox 272 2403 416 2479; x_wconf 88' lang='lat' dir='ltr'><strong>milesque</strong></span> <span class='ocrx_word' id='word_1_143' title='bbox 444 2421 545 2481; x_wconf 82' lang='lat' dir='ltr'><strong>paeuas</strong></span> <span class='ocrx_word' id='word_1_144' title='bbox 574 2401 715 2460; x_wconf 87' lang='lat' dir='ltr'><strong>dedisset.</strong></span> <span class='ocrx_word' id='word_1_145' title='bbox 761 2400 817 2460; x_wconf 85' lang='lat' dir='ltr'><strong>Sin·</strong></span> <span class='ocrx_word' id='word_1_146' title='bbox 836 2407 936 2460; x_wconf 88' lang='lat' dir='ltr'><strong>autem</strong></span> <span class='ocrx_word' id='word_1_147' title='bbox 964 2401 1020 2458; x_wconf 92' lang='lat' dir='ltr'><strong>hoc</strong></span> <span class='ocrx_word' id='word_1_148' title='bbox 1047 2404 1153 2478; x_wconf 89' lang='lat' dir='ltr'><strong>ipsum,</strong></span> <span class='ocrx_word' id='word_1_149' title='bbox 1182 2405 1217 2458; x_wconf 90' lang='lat' dir='ltr'><strong>ut</strong></span> <span class='ocrx_word' id='word_1_150' title='bbox 1238 2399 1376 2458; x_wconf 89' lang='lat' dir='ltr'><strong>Philoco-</strong></span> 
     </span>
     <span class='ocr_line' id='line_1_20' title="bbox 271 2502 1377 2580; baseline -0.004 -16"><span class='ocrx_word' id='word_1_151' title='bbox 271 2507 396 2564; x_wconf 87' lang='lat' dir='ltr'><strong>masium</strong></span> <span class='ocrx_word' id='word_1_152' title='bbox 424 2505 557 2563; x_wconf 85' lang='lat' dir='ltr'><strong>amilite</strong></span> <span class='ocrx_word' id='word_1_153' title='bbox 586 2504 715 2564; x_wconf 87' lang='lat' dir='ltr'><strong>liberata</strong></span> <span class='ocrx_word' id='word_1_154' title='bbox 746 2505 873 2562; x_wconf 91' lang='lat' dir='ltr'><strong>amatori</strong></span> <span class='ocrx_word' id='word_1_155' title='bbox 895 2503 1049 2576; x_wconf 90' lang='lat' dir='ltr'><strong>reddatur,</strong></span> <span class='ocrx_word' id='word_1_156' title='bbox 1080 2503 1247 2580; x_wconf 89' lang='lat' dir='ltr'><strong>legitimum</strong></span> <span class='ocrx_word' id='word_1_157' title='bbox 1269 2502 1377 2561; x_wconf 77' lang='lat' dir='ltr'><strong>fabula</strong></span> 
     </span>
     <span class='ocr_line' id='line_1_21' title="bbox 270 2606 1377 2684; baseline -0.004 -18"><span class='ocrx_word' id='word_1_158' title='bbox 270 2614 476 2684; x_wconf 77' lang='lat' dir='ltr'><strong>argumentum</strong></span> <span class='ocrx_word' id='word_1_159' title='bbox 501 2627 565 2666; x_wconf 92' lang='lat' dir='ltr'><strong>esee</strong></span> <span class='ocrx_word' id='word_1_160' title='bbox 582 2607 656 2666; x_wconf 91' lang='lat' dir='ltr'><strong>dicit</strong></span> <span class='ocrx_word' id='word_1_161' title='bbox 678 2614 708 2664; x_wconf 91' lang='lat' dir='ltr'><strong>et</strong></span> <span class='ocrx_word' id='word_1_162' title='bbox 725 2613 854 2684; x_wconf 86' lang='lat' dir='ltr'><strong>poetam,</strong></span> <span class='ocrx_word' id='word_1_163' title='bbox 879 2606 960 2682; x_wconf 91' lang='lat' dir='ltr'><strong>quod</strong></span> <span class='ocrx_word' id='word_1_164' title='bbox 978 2608 1042 2664; x_wconf 86' lang='lat' dir='ltr'><strong>eius</strong></span> <span class='ocrx_word' id='word_1_165' title='bbox 1059 2607 1251 2682; x_wconf 75' lang='lat' dir='ltr'><strong>simplicitate</strong></span> <span class='ocrx_word' id='word_1_166' title='bbox 1270 2625 1377 2682; x_wconf 87' lang='lat' dir='ltr'><strong>parum</strong></span> 
     </span>
    </p>
   </div>
   <div class='ocr_carea' id='block_1_5' title="bbox 154 2709 1377 2784">
    <p class='ocr_par' dir='ltr' id='par_1_6' title="bbox 154 2709 1377 2784">
     <span class='ocr_line' id='line_1_22' title="bbox 154 2709 1377 2784; baseline -0.004 -14"><span class='ocrx_word' id='word_1_167' title='bbox 154 2775 156 2779; x_wconf 62' lang='grc'>,</span> <span class='ocrx_word' id='word_1_168' title='bbox 270 2716 426 2770; x_wconf 90' lang='lat' dir='ltr'><strong>contentus</strong></span> <span class='ocrx_word' id='word_1_169' title='bbox 454 2711 580 2768; x_wconf 88' lang='lat' dir='ltr'><strong>aliarum</strong></span> <span class='ocrx_word' id='word_1_170' title='bbox 614 2709 646 2768; x_wconf 92' lang='lat' dir='ltr'><strong>id</strong></span> <span class='ocrx_word' id='word_1_171' title='bbox 682 2729 782 2768; x_wconf 89' lang='lat' dir='ltr'><strong>rerum</strong></span> <span class='ocrx_word' id='word_1_172' title='bbox 816 2711 961 2768; x_wconf 84' lang='lat' dir='ltr'><strong>varietate</strong></span> <span class='ocrx_word' id='word_1_173' title='bbox 996 2709 1180 2781; x_wconf 80' lang='lat' dir='ltr'><strong>distinxerit,</strong></span> <span class='ocrx_word' id='word_1_174' title='bbox 1214 2711 1377 2784; x_wconf 81' lang='lat' dir='ltr'><strong>vituperat,</strong></span> 
     </span>
    </p>
   </div>
   <div class='ocr_carea' id='block_1_6' title="bbox 268 2810 1379 2992">
    <p class='ocr_par' dir='ltr' id='par_1_7' title="bbox 268 2810 1379 2992">
     <span class='ocr_line' id='line_1_23' title="bbox 268 2810 1378 2891; baseline -0.004 -19"><span class='ocrx_word' id='word_1_175' title='bbox 268 2833 394 2891; x_wconf 86' lang='lat' dir='ltr'><strong>paucos,</strong></span> <span class='ocrx_word' id='word_1_176' title='bbox 429 2813 532 2885; x_wconf 87' lang='lat' dir='ltr'><strong>credo,</strong></span> <span class='ocrx_word' id='word_1_177' title='bbox 567 2812 624 2870; x_wconf 91' lang='lat' dir='ltr'><strong>sibi</strong></span> <span class='ocrx_word' id='word_1_178' title='bbox 656 2812 779 2870; x_wconf 89' lang='lat' dir='ltr'><strong>habebit</strong></span> <span class='ocrx_word' id='word_1_179' title='bbox 812 2814 1016 2870; x_wconf 84' lang='lat' dir='ltr'><strong>assentientes.</strong></span> <span class='ocrx_word' id='word_1_180' title='bbox 1072 2810 1242 2887; x_wconf 88' lang='lat' dir='ltr'><strong>Longitudo</strong></span> <span class='ocrx_word' id='word_1_181' title='bbox 1277 2816 1378 2868; x_wconf 87' lang='lat' dir='ltr'><strong>autem</strong></span> 
     </span>
     <span class='ocr_line' id='line_1_24' title="bbox 269 2913 1379 2992; baseline -0.004 -18"><span class='ocrx_word' id='word_1_182' title='bbox 269 2915 379 2974; x_wconf 75' lang='lat' dir='ltr'><strong>fabulae</strong></span> <span class='ocrx_word' id='word_1_183' title='bbox 402 2935 490 2992; x_wconf 86' lang='lat' dir='ltr'><strong>quem</strong></span> <span class='ocrx_word' id='word_1_184' title='bbox 514 2913 646 2986; x_wconf 82' lang='lat' dir='ltr'><strong>offendit,</strong></span> <span class='ocrx_word' id='word_1_185' title='bbox 677 2917 703 2972; x_wconf 85' lang='lat' dir='ltr'><strong>is</strong></span> <span class='ocrx_word' id='word_1_186' title='bbox 726 2920 757 2972; x_wconf 85' lang='lat' dir='ltr'><strong>et</strong></span> <span class='ocrx_word' id='word_1_187' title='bbox 779 2915 846 2973; x_wconf 88' lang='lat' dir='ltr'><strong>aliis</strong></span> <span class='ocrx_word' id='word_1_188' title='bbox 870 2913 1080 2972; x_wconf 86' lang='lat' dir='ltr'><strong>additamentis</strong></span> <span class='ocrx_word' id='word_1_189' title='bbox 1103 2915 1289 2990; x_wconf 86' lang='lat' dir='ltr'><strong>inquinatam</strong></span> <span class='ocrx_word' id='word_1_190' title='bbox 1314 2933 1379 2972; x_wconf 88' lang='lat' dir='ltr'><strong>esse</strong></span> 
     </span>
    </p>
   </div>
   <div class='ocr_carea' id='block_1_7' title="bbox 269 3011 1477 3304">
    <p class='ocr_par' dir='ltr' id='par_1_8' title="bbox 269 3011 1477 3304">
     <span class='ocr_line' id='line_1_25' title="bbox 270 3011 1477 3102; baseline -0.004 -24"><span class='ocrx_word' id='word_1_191' title='bbox 270 3013 317 3091; x_wconf 88' lang='lat' dir='ltr'><strong>(ut</strong></span> <span class='ocrx_word' id='word_1_192' title='bbox 340 3019 495 3090; x_wconf 80' lang='grc'><strong>586-96,</strong></span> <span class='ocrx_word' id='word_1_193' title='bbox 521 3018 700 3088; x_wconf 83' lang='lat'>601-603,</span> <span class='ocrx_word' id='word_1_194' title='bbox 726 3011 909 3093; x_wconf 82' lang='lat'>614-616)</span> <span class='ocrx_word' id='word_1_195' title='bbox 933 3018 1048 3075; x_wconf 84' lang='lat' dir='ltr'><strong>eteius</strong></span> <span class='ocrx_word' id='word_1_196' title='bbox 1071 3035 1173 3089; x_wconf 79' lang='lat' dir='ltr'><strong>ecenae,</strong></span> <span class='ocrx_word' id='word_1_197' title='bbox 1199 3034 1266 3091; x_wconf 82' lang='lat' dir='ltr'><strong>quae</strong></span> <span class='ocrx_word' id='word_1_198' title='bbox 1286 3017 1377 3092; x_wconf 84' lang='lat' dir='ltr'><strong>vulgo</strong></span> <span class='ocrx_word' id='word_1_199' title='bbox 1476 3031 1477 3102; x_wconf 60' lang='lat' dir='ltr'><strong>l</strong></span> 
     </span>
     <span class='ocr_line' id='line_1_26' title="bbox 269 3113 1477 3196; baseline -0.005 -18"><span class='ocrx_word' id='word_1_200' title='bbox 269 3127 353 3180; x_wconf 88' lang='lat' dir='ltr'><strong>actus</strong></span> <span class='ocrx_word' id='word_1_201' title='bbox 380 3122 464 3179; x_wconf 90' lang='lat' dir='ltr'><strong>tertii</strong></span> <span class='ocrx_word' id='word_1_202' title='bbox 492 3121 587 3196; x_wconf 89' lang='lat' dir='ltr'><strong>prima</strong></span> <span class='ocrx_word' id='word_1_203' title='bbox 610 3120 728 3191; x_wconf 87' lang='lat' dir='ltr'><strong>dicitur,</strong></span> <span class='ocrx_word' id='word_1_204' title='bbox 757 3121 915 3177; x_wconf 86' lang='lat' dir='ltr'><strong>maximam</strong></span> <span class='ocrx_word' id='word_1_205' title='bbox 936 3113 1059 3195; x_wconf 67' lang='lat' dir='ltr'><strong>lparsem</strong></span> <span class='ocrx_word' id='word_1_206' title='bbox 1084 3113 1124 3194; x_wconf 86' lang='lat' dir='ltr'><strong>(v.</strong></span> <span class='ocrx_word' id='word_1_207' title='bbox 1151 3113 1337 3195; x_wconf 65' lang='lat' dir='ltr'><strong>oli-764)</strong></span> <span class='ocrx_word' id='word_1_208' title='bbox 1361 3139 1379 3175; x_wconf 89' lang='lat' dir='ltr'><strong>a</strong></span> <span class='ocrx_word' id='word_1_209' title='bbox 1476 3163 1477 3172; x_wconf 70' lang='grc'>,</span> 
     </span>
     <span class='ocr_line' id='line_1_27' title="bbox 269 3221 1477 3304; baseline -0.002 -24"><span class='ocrx_word' id='word_1_210' title='bbox 269 3223 376 3281; x_wconf 89' lang='lat' dir='ltr'><strong>Plauto</strong></span> <span class='ocrx_word' id='word_1_211' title='bbox 401 3224 528 3281; x_wconf 88' lang='lat' dir='ltr'><strong>alienam</strong></span> <span class='ocrx_word' id='word_1_212' title='bbox 550 3222 647 3280; x_wconf 86' lang='lat' dir='ltr'><strong>videri</strong></span> <span class='ocrx_word' id='word_1_213' title='bbox 669 3227 798 3298; x_wconf 89' lang='lat' dir='ltr'><strong>reputet.</strong></span> <span class='ocrx_word' id='word_1_214' title='bbox 844 3221 921 3282; x_wconf 88' lang='lat' dir='ltr'><strong>Mihi</strong></span> <span class='ocrx_word' id='word_1_215' title='bbox 944 3222 1027 3280; x_wconf 90' lang='lat' dir='ltr'><strong>nulla</strong></span> <span class='ocrx_word' id='word_1_216' title='bbox 1049 3241 1138 3280; x_wconf 87' lang='lat' dir='ltr'><strong>cauea</strong></span> <span class='ocrx_word' id='word_1_217' title='bbox 1161 3241 1224 3280; x_wconf 88' lang='lat' dir='ltr'><strong>esse</strong></span> <span class='ocrx_word' id='word_1_218' title='bbox 1246 3221 1377 3294; x_wconf 81' lang='lat' dir='ltr'><strong>videtur,</strong></span> <span class='ocrx_word' id='word_1_219' title='bbox 1476 3291 1477 3304; x_wconf 11' lang='grc' dir='ltr'>χ</span> 
     </span>
    </p>
   </div>
   <div class='ocr_carea' id='block_1_8' title="bbox 269 3322 1377 3400">
    <p class='ocr_par' dir='ltr' id='par_1_9' title="bbox 269 3309 1477 3406">
     <span class='ocr_line' id='line_1_28' title="bbox 269 3322 1377 3400; baseline 0 -18"><span class='ocrx_word' id='word_1_220' title='bbox 269 3345 322 3384; x_wconf 90' lang='lat' dir='ltr'><strong>cur</strong></span> <span class='ocrx_word' id='word_1_221' title='bbox 354 3344 414 3382; x_wconf 92' lang='lat' dir='ltr'><strong>nou</strong></span> <span class='ocrx_word' id='word_1_222' title='bbox 447 3345 536 3384; x_wconf 89' lang='lat' dir='ltr'><strong>unam</strong></span> <span class='ocrx_word' id='word_1_223' title='bbox 564 3326 693 3400; x_wconf 91' lang='lat' dir='ltr'><strong>aliquam</strong></span> <span class='ocrx_word' id='word_1_224' title='bbox 721 3322 855 3382; x_wconf 82' lang='lat' dir='ltr'><strong>Graecam</strong></span> <span class='ocrx_word' id='word_1_225' title='bbox 883 3325 1014 3383; x_wconf 80' lang='lat' dir='ltr'><strong>fabulam</strong></span> <span class='ocrx_word' id='word_1_226' title='bbox 1043 3323 1151 3388; x_wconf 77' lang='lat' dir='ltr'><strong>Plauto</strong></span> <span class='ocrx_word' id='word_1_227' title='bbox 1185 3323 1377 3382; x_wconf 83' lang='lat' dir='ltr'><strong>obversatam</strong></span> 
     </span>
    </p>
   </div>
   <div class='ocr_carea' id='block_1_9' title="bbox 269 3423 1477 3504">
    <p class='ocr_par' dir='ltr' id='par_1_10' title="bbox 269 3423 1477 3504">
     <span class='ocr_line' id='line_1_29' title="bbox 269 3423 1477 3504; baseline -0.002 -18"><span class='ocrx_word' id='word_1_228' title='bbox 269 3447 333 3488; x_wconf 88' lang='lat' dir='ltr'><strong>esee</strong></span> <span class='ocrx_word' id='word_1_229' title='bbox 361 3427 488 3500; x_wconf 89' lang='lat' dir='ltr'><strong>credam,</strong></span> <span class='ocrx_word' id='word_1_230' title='bbox 522 3427 565 3485; x_wconf 86' lang='lat' dir='ltr'><strong>its</strong></span> <span class='ocrx_word' id='word_1_231' title='bbox 593 3427 716 3504; x_wconf 89' lang='lat' dir='ltr'><strong>quidem</strong></span> <span class='ocrx_word' id='word_1_232' title='bbox 748 3433 784 3484; x_wconf 90' lang='lat' dir='ltr'><strong>ut</strong></span> <span class='ocrx_word' id='word_1_233' title='bbox 811 3427 900 3486; x_wconf 90' lang='lat' dir='ltr'><strong>solita</strong></span> <span class='ocrx_word' id='word_1_234' title='bbox 927 3432 957 3485; x_wconf 93' lang='lat' dir='ltr'><strong>et</strong></span> <span class='ocrx_word' id='word_1_235' title='bbox 984 3431 1050 3485; x_wconf 90' lang='lat' dir='ltr'><strong>iure</strong></span> <span class='ocrx_word' id='word_1_236' title='bbox 1079 3445 1216 3484; x_wconf 89' lang='lat' dir='ltr'><strong>concessa</strong></span> <span class='ocrx_word' id='word_1_237' title='bbox 1244 3425 1378 3484; x_wconf 91' lang='lat' dir='ltr'><strong>addendi</strong></span> <span class='ocrx_word' id='word_1_238' title='bbox 1476 3423 1477 3500; x_wconf 46' lang='grc' dir='ltr'>ζ</span> 
     </span>
    </p>
   </div>
   <div class='ocr_carea' id='block_1_10' title="bbox 268 3503 1477 3602">
    <p class='ocr_par' dir='ltr' id='par_1_11' title="bbox 268 3503 1477 3602">
     <span class='ocr_line' id='line_1_30' title="bbox 268 3503 1477 3602; baseline -0.002 -13"><span class='ocrx_word' id='word_1_239' title='bbox 268 3530 427 3590; x_wconf 86' lang='lat' dir='ltr'><strong>omittendi</strong></span> <span class='ocrx_word' id='word_1_240' title='bbox 449 3530 586 3589; x_wconf 90' lang='lat' dir='ltr'><strong>mutandi</strong></span> <span class='ocrx_word' id='word_1_241' title='bbox 608 3530 731 3590; x_wconf 90' lang='lat' dir='ltr'><strong>licentia</strong></span> <span class='ocrx_word' id='word_1_242' title='bbox 752 3535 897 3588; x_wconf 89' lang='lat' dir='ltr'><strong>uteretur.</strong></span> <span class='ocrx_word' id='word_1_243' title='bbox 929 3529 1025 3588; x_wconf 88' lang='lat' dir='ltr'><strong>Huius</strong></span> <span class='ocrx_word' id='word_1_244' title='bbox 1047 3549 1153 3588; x_wconf 89' lang='lat' dir='ltr'><strong>nomen</strong></span> <span class='ocrx_word' id='word_1_245' title='bbox 1173 3529 1287 3594; x_wconf 79' lang='grc' dir='ltr'><strong><em>Ἀλαζών</em></strong></span> <span class='ocrx_word' id='word_1_246' title='bbox 1309 3530 1376 3602; x_wconf 88' lang='lat' dir='ltr'><strong>fuit,</strong></span> <span class='ocrx_word' id='word_1_247' title='bbox 1476 3503 1477 3562; x_wconf 73' lang='lat' dir='ltr'><strong>l</strong></span> 
     </span>
    </p>
   </div>
   <div class='ocr_carea' id='block_1_11' title="bbox 268 3619 1477 3710">
    <p class='ocr_par' dir='ltr' id='par_1_12' title="bbox 268 3619 1477 3710">
     <span class='ocr_line' id='line_1_31' title="bbox 268 3619 1477 3710; baseline -0.003 -16"><span class='ocrx_word' id='word_1_248' title='bbox 268 3634 329 3694; x_wconf 88' lang='lat' dir='ltr'><strong>vid.</strong></span> <span class='ocrx_word' id='word_1_249' title='bbox 359 3653 387 3694; x_wconf 85' lang='lat' dir='ltr'><strong>v.</strong></span> <span class='ocrx_word' id='word_1_250' title='bbox 418 3635 474 3706; x_wconf 86' lang='grc'><strong>86,</strong></span> <span class='ocrx_word' id='word_1_251' title='bbox 516 3639 620 3693; x_wconf 91' lang='lat' dir='ltr'><strong>auctor</strong></span> <span class='ocrx_word' id='word_1_252' title='bbox 647 3651 772 3710; x_wconf 90' lang='lat' dir='ltr'><strong>proreus</strong></span> <span class='ocrx_word' id='word_1_253' title='bbox 805 3634 926 3708; x_wconf 87' lang='lat' dir='ltr'><strong>ignotus</strong></span> <span class='ocrx_word' id='word_1_254' title='bbox 959 3637 1013 3690; x_wconf 91' lang='lat' dir='ltr'><strong>eet.</strong></span> <span class='ocrx_word' id='word_1_255' title='bbox 1069 3631 1114 3690; x_wconf 86' lang='lat' dir='ltr'><strong>Ne</strong></span> <span class='ocrx_word' id='word_1_256' title='bbox 1147 3651 1206 3708; x_wconf 88' lang='lat' dir='ltr'><strong>quo</strong></span> <span class='ocrx_word' id='word_1_257' title='bbox 1239 3638 1378 3709; x_wconf 86' lang='lat' dir='ltr'><strong>tempore</strong></span> <span class='ocrx_word' id='word_1_258' title='bbox 1476 3619 1477 3668; x_wconf 66' lang='lat'><em>}</em></span> 
     </span>
    </p>
   </div>
   <div class='ocr_carea' id='block_1_12' title="bbox 266 3731 1379 4426">
    <p class='ocr_par' dir='ltr' id='par_1_13' title="bbox 266 3731 1379 4426">
     <span class='ocr_line' id='line_1_32' title="bbox 268 3731 1379 3813; baseline -0.003 -18"><span class='ocrx_word' id='word_1_259' title='bbox 268 3735 388 3813; x_wconf 87' lang='lat' dir='ltr'><strong>quidem</strong></span> <span class='ocrx_word' id='word_1_260' title='bbox 415 3735 517 3796; x_wconf 86' lang='lat' dir='ltr'><strong>fabula</strong></span> <span class='ocrx_word' id='word_1_261' title='bbox 543 3737 725 3812; x_wconf 87' lang='lat' dir='ltr'><strong>scriptasit,</strong></span> <span class='ocrx_word' id='word_1_262' title='bbox 758 3754 814 3813; x_wconf 92' lang='lat' dir='ltr'><strong>pro</strong></span> <span class='ocrx_word' id='word_1_263' title='bbox 837 3739 920 3792; x_wconf 92' lang='lat' dir='ltr'><strong>certo</strong></span> <span class='ocrx_word' id='word_1_264' title='bbox 943 3731 1060 3792; x_wconf 88' lang='lat' dir='ltr'><strong>definiri</strong></span> <span class='ocrx_word' id='word_1_265' title='bbox 1082 3739 1199 3811; x_wconf 87' lang='lat' dir='ltr'><strong>poteet;</strong></span> <span class='ocrx_word' id='word_1_266' title='bbox 1228 3753 1299 3792; x_wconf 85' lang='lat' dir='ltr'><strong>nam</strong></span> <span class='ocrx_word' id='word_1_267' title='bbox 1321 3755 1379 3792; x_wconf 93' lang='lat' dir='ltr'><strong>nec</strong></span> 
     </span>
     <span class='ocr_line' id='line_1_33' title="bbox 267 3837 1378 3913; baseline -0.002 -15"><span class='ocrx_word' id='word_1_268' title='bbox 267 3839 406 3899; x_wconf 83' lang='lat' dir='ltr'><strong>Seleucus</strong></span> <span class='ocrx_word' id='word_1_269' title='bbox 438 3858 491 3896; x_wconf 89' lang='lat' dir='ltr'><strong>rex</strong></span> <span class='ocrx_word' id='word_1_270' title='bbox 524 3857 584 3897; x_wconf 90' lang='lat' dir='ltr'><strong>uon</strong></span> <span class='ocrx_word' id='word_1_271' title='bbox 618 3837 721 3896; x_wconf 89' lang='lat' dir='ltr'><strong>addito</strong></span> <span class='ocrx_word' id='word_1_272' title='bbox 759 3838 932 3913; x_wconf 81' lang='lat' dir='ltr'><strong>cognomine</strong></span> <span class='ocrx_word' id='word_1_273' title='bbox 970 3838 1140 3896; x_wconf 88' lang='lat' dir='ltr'><strong>nominatus</strong></span> <span class='ocrx_word' id='word_1_274' title='bbox 1172 3855 1227 3894; x_wconf 88' lang='lat' dir='ltr'><strong>nec</strong></span> <span class='ocrx_word' id='word_1_275' title='bbox 1259 3837 1378 3912; x_wconf 80' lang='lat' dir='ltr'><strong>legatio</strong></span> 
     </span>
     <span class='ocr_line' id='line_1_34' title="bbox 266 3938 1378 4017; baseline -0.003 -16"><span class='ocrx_word' id='word_1_276' title='bbox 266 3943 492 4002; x_wconf 82' lang='lat' dir='ltr'><strong>Atheniensium</strong></span> <span class='ocrx_word' id='word_1_277' title='bbox 514 3939 703 4016; x_wconf 84' lang='lat' dir='ltr'><strong>Naupactum</strong></span> <span class='ocrx_word' id='word_1_278' title='bbox 725 3938 763 3999; x_wconf 90' lang='lat' dir='ltr'><strong>ad</strong></span> <span class='ocrx_word' id='word_1_279' title='bbox 785 3938 905 3997; x_wconf 81' lang='lat' dir='ltr'><strong>AEtolos</strong></span> <span class='ocrx_word' id='word_1_280' title='bbox 932 3939 1022 3998; x_wconf 90' lang='lat' dir='ltr'><strong>miees</strong></span> <span class='ocrx_word' id='word_1_281' title='bbox 1044 3939 1126 3998; x_wconf 87' lang='lat' dir='ltr'><strong>aliud</strong></span> <span class='ocrx_word' id='word_1_282' title='bbox 1148 3938 1295 4017; x_wconf 87' lang='lat' dir='ltr'><strong>probant,</strong></span> <span class='ocrx_word' id='word_1_283' title='bbox 1319 3942 1378 3998; x_wconf 83' lang='lat' dir='ltr'><strong>nisi</strong></span> 
     </span>
     <span class='ocr_line' id='line_1_35' title="bbox 267 4041 1378 4123; baseline -0.002 -20"><span class='ocrx_word' id='word_1_284' title='bbox 267 4044 347 4121; x_wconf 92' lang='lat' dir='ltr'><strong>quod</strong></span> <span class='ocrx_word' id='word_1_285' title='bbox 369 4049 475 4120; x_wconf 88' lang='lat' dir='ltr'><strong>sponte</strong></span> <span class='ocrx_word' id='word_1_286' title='bbox 499 4051 638 4123; x_wconf 85' lang='lat' dir='ltr'><strong>apparet,</strong></span> <span class='ocrx_word' id='word_1_287' title='bbox 668 4042 706 4100; x_wconf 85' lang='lat' dir='ltr'><strong>ad</strong></span> <span class='ocrx_word' id='word_1_288' title='bbox 728 4061 812 4100; x_wconf 79' lang='lat' dir='ltr'><strong>novae</strong></span> <span class='ocrx_word' id='word_1_289' title='bbox 835 4041 982 4100; x_wconf 76' lang='lat' dir='ltr'><strong>comoediae</strong></span> <span class='ocrx_word' id='word_1_290' title='bbox 1012 4047 1130 4099; x_wconf 78' lang='lat' dir='ltr'><strong>aetatem</strong></span> <span class='ocrx_word' id='word_1_291' title='bbox 1152 4041 1285 4100; x_wconf 81' lang='lat' dir='ltr'><strong>fabulam</strong></span> <span class='ocrx_word' id='word_1_292' title='bbox 1308 4063 1378 4120; x_wconf 89' lang='lat' dir='ltr'><strong>per-</strong></span> 
     </span>
     <span class='ocr_line' id='line_1_36' title="bbox 266 4138 1377 4219; baseline -0.001 -14"><span class='ocrx_word' id='word_1_293' title='bbox 266 4149 374 4206; x_wconf 90' lang='lat' dir='ltr'><strong>tinere.</strong></span> <span class='ocrx_word' id='word_1_294' title='bbox 419 4145 526 4204; x_wconf 89' lang='lat' dir='ltr'><strong>Latine</strong></span> <span class='ocrx_word' id='word_1_295' title='bbox 555 4145 635 4203; x_wconf 90' lang='lat' dir='ltr'><strong>dicta</strong></span> <span class='ocrx_word' id='word_1_296' title='bbox 662 4151 708 4202; x_wconf 90' lang='lat' dir='ltr'><strong>eet</strong></span> <span class='ocrx_word' id='word_1_297' title='bbox 735 4139 818 4202; x_wconf 76' lang='lat' dir='ltr'><strong>llles</strong></span> <span class='ocrx_word' id='word_1_298' title='bbox 845 4138 1009 4219; x_wconf 65' lang='lat' dir='ltr'><strong>gloriarm</strong></span> <span class='ocrx_word' id='word_1_299' title='bbox 1037 4163 1106 4202; x_wconf 88' lang='lat' dir='ltr'><strong>nam</strong></span> <span class='ocrx_word' id='word_1_300' title='bbox 1135 4145 1186 4219; x_wconf 92' lang='lat' dir='ltr'><strong>qui</strong></span> <span class='ocrx_word' id='word_1_301' title='bbox 1214 4165 1250 4202; x_wconf 89' lang='lat' dir='ltr'><strong>ex</strong></span> <span class='ocrx_word' id='word_1_302' title='bbox 1278 4145 1377 4204; x_wconf 88' lang='lat' dir='ltr'><strong>inter·</strong></span> 
     </span>
     <span class='ocr_line' id='line_1_37' title="bbox 266 4241 1378 4327; baseline -0.001 -20"><span class='ocrx_word' id='word_1_303' title='bbox 266 4251 438 4327; x_wconf 85' lang='lat' dir='ltr'><strong>pretatione</strong></span> <span class='ocrx_word' id='word_1_304' title='bbox 461 4249 600 4308; x_wconf 85' lang='lat' dir='ltr'><strong>adiectivi</strong></span> <span class='ocrx_word' id='word_1_305' title='bbox 618 4245 714 4305; x_wconf 72' lang='lat' dir='ltr'><strong>Graeci</strong></span> <span class='ocrx_word' id='word_1_306' title='bbox 732 4267 760 4306; x_wconf 83' lang='lat' dir='ltr'><strong>v.</strong></span> <span class='ocrx_word' id='word_1_307' title='bbox 775 4249 813 4306; x_wconf 86' lang='grc'><strong>87</strong></span> <span class='ocrx_word' id='word_1_308' title='bbox 835 4241 1040 4320; x_wconf 82' lang='lat' dir='ltr'><strong>„Glorioeum“</strong></span> <span class='ocrx_word' id='word_1_309' title='bbox 1062 4265 1115 4304; x_wconf 89' lang='lat' dir='ltr'><strong>uec</strong></span> <span class='ocrx_word' id='word_1_310' title='bbox 1137 4247 1217 4304; x_wconf 87' lang='lat' dir='ltr'><strong>ultra</strong></span> <span class='ocrx_word' id='word_1_311' title='bbox 1239 4248 1378 4322; x_wconf 84' lang='lat' dir='ltr'><strong>appella·</strong></span> 
     </span>
     <span class='ocr_line' id='line_1_38' title="bbox 267 4342 1378 4426; baseline -0.002 -16"><span class='ocrx_word' id='word_1_312' title='bbox 267 4357 328 4410; x_wconf 88' lang='lat' dir='ltr'><strong>tam</strong></span> <span class='ocrx_word' id='word_1_313' title='bbox 352 4371 416 4410; x_wconf 86' lang='lat' dir='ltr'><strong>esse</strong></span> <span class='ocrx_word' id='word_1_314' title='bbox 436 4350 618 4409; x_wconf 86' lang='lat' dir='ltr'><strong>contendunt</strong></span> <span class='ocrx_word' id='word_1_315' title='bbox 635 4344 825 4426; x_wconf 89' lang='lat' dir='ltr'><strong>(Lessingius</strong></span> <span class='ocrx_word' id='word_1_316' title='bbox 843 4357 873 4408; x_wconf 89' lang='lat' dir='ltr'><strong>et</strong></span> <span class='ocrx_word' id='word_1_317' title='bbox 888 4342 1060 4425; x_wconf 86' lang='lat' dir='ltr'><strong>Fleckeie.),</strong></span> <span class='ocrx_word' id='word_1_318' title='bbox 1083 4347 1171 4408; x_wconf 84' lang='lat' dir='ltr'><strong>iivel</strong></span> <span class='ocrx_word' id='word_1_319' title='bbox 1186 4349 1263 4422; x_wconf 90' lang='lat' dir='ltr'><strong>loco,</strong></span> <span class='ocrx_word' id='word_1_320' title='bbox 1287 4369 1378 4426; x_wconf 91' lang='lat' dir='ltr'><strong>quem</strong></span> 
     </span>
    </p>
   </div>
   <div class='ocr_carea' id='block_1_13' title="bbox 0 0 1494 5004">
    <p class='ocr_par' dir='ltr' id='par_1_14' title="bbox 0 0 1494 5004">
     <span class='ocr_line' id='line_1_39' title="bbox 0 0 1494 5004; baseline 0 0"><span class='ocrx_word' id='word_1_321' title='bbox 0 0 1494 5004; x_wconf 95' lang='lat' dir='ltr'><strong> </strong></span> 
     </span>
    </p>
   </div>
  </div>
 </body>
</html>
