2960 5000
235 431 295 492 126
744 425 837 482 Plauti
1172 426 1195 493 1,
1213 427 1236 494 i,
1255 426 1367 480 ‘il-82

654 613 933 682 Anterastilis

233 723 284 789 Eu
316 727 459 803 ecastor,
499 743 597 808 quom
631 729 783 790 orualum
816 724 962 808 adspicio
994 731 1145 790 nostrum
1178 723 1368 803 ambarum,

1002 835 1158 917 paenitet,

232 939 422 1007 Exomatae
445 945 483 1005 ui
506 940 617 1006 aimus.

652 1065 938 1146 Adelphasium

652 1173 755 1240 immo
778 1194 858 1239 uero
881 1193 960 1238 eane
984 1172 1161 1254 commode,

231 1280 316 1346 Nam
338 1302 399 1366 pro
422 1281 494 1346 erili
517 1288 551 1346 oi
573 1289 686 1347 noeiro
711 1289 852 1366 quaestu
876 1281 958 1347 satie
977 1281 1062 1345 bene
1080 1289 1216 1348 ornatae
1234 1305 1364 1348 sumus.

231 1389 303 1474 Non
322 1391 408 1455 enim
424 1395 504 1474 pote
522 1397 679 1474 quaestus
696 1387 776 1468 fieri,
795 1390 821 1454 ei
840 1405 914 1454 eum
925 1395 1074 1473 sumpius
1093 1397 1238 1473 superat,
1253 1413 1364 1457 soror.

231 1497 281 1563 Eo
303 1496 385 1562 illud
409 1498 515 1563 saliua
538 1503 597 1576 eat,
620 1497 708 1580 quod
728 1499 888 1574 satiauit,
911 1497 1037 1576 habitu,
1060 1518 1160 1582 quam
1177 1499 1265 1582 quod
1284 1501 1364 1584 plue

1003 1613 1055 1672 eat
1078 1614 1138 1673 eei.
1309 1625 1364 1680 285

652 1741 938 1826 Aporoaiooles

231 1850 284 1916 Ita
305 1872 357 1916 me
380 1850 414 1916 di
437 1857 557 1930 ameni,
579 1850 694 1916 utillo
710 1871 761 1914 me
787 1859 875 1914 amet
891 1849 1003 1915 malim
1026 1873 1126 1935 quam
1143 1851 1186 1932 di,
1209 1853 1363 1936 Milphio,

231 1959 314 2025 Nam
332 1959 391 2024 illa
407 1959 525 2024 mulier
542 1959 687 2043 lapidem
704 1959 829 2024 eilieem
847 1959 997 2041 subigere
1014 1966 1052 2024 ui
1069 1981 1104 2024 ee
1127 1967 1215 2026 amet
1237 1969 1361 2045 potest.

703 2099 879 2182 Milphio
1156 2187 1158 2189 Ι

231 2209 291 2275 Pol
313 2210 465 2293 equidem
488 2209 578 2275 haud
600 2210 747 2288 mentire,
770 2230 846 2274 nam
867 2215 905 2274 tu
924 2231 960 2276 oe
977 2209 1088 2294 lapide
1106 2210 1197 2276 siliee
1215 2211 1361 2290 stultior,

232 2317 294 2396 Qui
316 2318 402 2383 hane
424 2339 523 2384 amos.

648 2425 937 2508 Aporaeioolee

472 2535 516 2600 At
537 2534 614 2600 uide
637 2535 691 2614 sis,
715 2554 789 2598 oum
812 2534 889 2599 illae
911 2555 1090 2619 numquam
1111 2533 1226 2599 limaui
1248 2543 1360 2620 eaput.

707 2675 883 2757 Milphio

231 2784 368 2852 Curram
395 2787 495 2870 igitur
522 2785 633 2870 aliquo
661 2785 704 2849 ad
733 2786 893 2870 piscinam
923 2793 983 2850 aut
1012 2785 1054 2851 ad
1087 2785 1210 2866 laoum;
1245 2787 1359 2852 limum

1002 2900 1120 2978 pelam.
1307 2912 1360 2965 990

647 3030 938 3113 Aporoeioeiea
1047 3043 1054 3054 ·

168 3235 170 3240 Ι
232 3138 318 3216 Quid
342 3159 380 3206 eo
405 3139 524 3224 opust?

703 3245 883 3326 Milphio

559 3353 629 3436 Ego
653 3353 774 3419 dioam:
799 3361 837 3418 ui
859 3353 907 3419 illi
930 3365 964 3420 et
985 3355 1047 3420 tibi
1070 3355 1181 3421 limem
1204 3361 1313 3438 eaput.

229 3600 301 3666 Iin
323 3599 447 3666 malam
469 3600 553 3667 rem!
883 3647 885 3655 ι

707 3725 882 3806 Milphio

518 3834 570 3901 lbi
594 3856 666 3900 aum
690 3833 853 3918 equidem.

235 3974 455 3983 βιῳ-...αα

646 3490 937 3574 Aporoeioelea

1461 3649 1462 3694 i

1461 3695 1462 3768 l

1461 3769 1462 3816 i

1461 3817 1462 3900 i

297 4059 346 4112 281
367 4061 495 4112 ornatam
511 4055 540 4110 Β
620 4057 672 4110 989
690 4056 801 4111 erilioei
883 4056 934 4109 284
950 4059 1047 4124 puteat
1065 4061 1196 4124 quaestui
1213 4070 1273 4109 uon
1290 4071 1356 4110 eou-
1461 4033 1462 4124 l

230 4143 354 4198 aieieiai
449 4142 499 4196 285
517 4142 605 4196 aulius
624 4140 649 4194 ai
666 4142 734 4196 satie
752 4140 828 4210 quod
846 4141 914 4196 aaiie
934 4145 977 4196 aei
994 4141 1107 4196 habitus
1125 4141 1188 4210 plue
1211 4158 1296 4210 quum
1315 4145 1357 4196 nai
1461 4135 1462 4158 l

229 4233 273 4284 eei
327 4229 379 4283 986
397 4225 537 4282 metue
588 4228 641 4281 988
658 4225 733 4282 Pelii
751 4227 864 4296 quidem
872 4225 926 4282 ΒΟ
975 4228 1026 4282 999
1044 4226 1166 4296 quomB
1217 4225 1360 4281 lamauiO
1461 4235 1462 4256 l

229 4314 281 4367 290
298 4320 347 4367 aut
361 4312 497 4368 laeumO
576 4313 626 4366 291
647 4329 717 4382 opua
735 4313 773 4367 aii
849 4313 937 4367 limen
955 4311 984 4367 Β
1053 4315 1104 4368 999
1121 4352 1128 4364 .
1144 4313 1174 4366 iu
1191 4309 1220 4366 Β
