2978 5004
260 461 319 522 193
770 453 862 510 Plauti
1122 449 1167 524 lv,
1185 459 1210 524 6,
1227 459 1310 523 8-5,
1338 460 1373 508 11

1169 542 1180 574 Ι

264 645 347 711 Nam
369 667 450 710 uxor
472 649 669 724 contentum,
692 665 776 728 quae
798 645 927 725 bonust,
950 666 1014 710 uuo
1038 646 1125 726 uir03

265 755 326 833 Qui
348 756 454 820 miuus
476 755 527 818 uir
549 774 614 818 uua
637 775 737 818 uxore
761 761 932 820 contentus
955 755 1041 818 siet?

263 863 400 928 Ecastor
421 862 529 942 faxim,
551 863 578 926 si
600 862 714 928 itidem
737 863 924 946 plectantur
947 863 1020 942 uiri,

264 971 308 1035 Ut
331 971 406 1035 illae
427 973 611 1053 exiguntur,
635 991 719 1054 quae
742 972 776 1036 iu
799 992 833 1036 se
856 970 985 1055 culpam
1008 977 1203 1048 comerent,
1281 1017 1285 1038 ,

264 1079 374 1144 Plures
398 1080 460 1144 uiri
484 1079 550 1144 siut
571 1077 663 1144 uidui
686 1100 782 1162 quam
806 1100 891 1144 nune
913 1079 1074 1143 mulieres.
1312 1096 1377 1148 805

706 1253 912 1338 Eutychus

263 1363 418 1429 Defessus
443 1385 514 1429 sum
536 1363 649 1428 urbem
671 1369 776 1428 totam
798 1364 1022 1447 peruenerier;

262 1473 352 1538 Nihil
373 1473 535 1554 inuestigo
558 1471 735 1556 quidquam
759 1471 799 1536 de
820 1471 879 1536 illu
901 1471 1045 1537 muliere.

263 1581 326 1646 Sed
350 1588 453 1646 mater
474 1601 548 1646 rure
571 1579 684 1662 rediit3
707 1601 780 1646 uam
805 1579 900 1645 uideo
923 1579 1036 1664 Syram

264 1689 402 1754 Adsture
425 1694 499 1754 unte
522 1688 620 1754 aedis.
667 1685 757 1773 Syru.

760 1841 861 1925 Syra

702 2013 704 2019 ,
793 1951 873 2030 Quis
896 1957 953 2032 est,
976 1951 1032 2034 qui
1054 1973 1104 2018 me
1126 1955 1246 2020 uocat?

708 2104 919 2190 Eutychus

265 2213 348 2278 Erus
370 2219 469 2298 atque
493 2213 642 2278 alumnus
664 2219 739 2280 tuus
762 2233 842 2279 sum.

761 2367 862 2452 Syra

895 2475 1003 2555 Sulue,
1026 2475 1155 2542 alumne
1176 2479 1230 2542 mi.
1313 2497 1375 2550 810

708 2629 913 2714 Eutychus

264 2737 332 2800 Iam
356 2745 460 2802 mater
482 2759 556 2802 rure
579 2737 700 2804 rediit?
728 2739 890 2822 responde
913 2739 1001 2804 mihi.

762 2914 783 2980 S
815 2937 860 2980 ra

265 3019 344 3084 Cum
368 3021 498 3105 quidem
521 3023 625 3086 salute
648 2937 968 3088 familiaiymaxuma.

589 2975 595 3009 1

706 3199 913 3283 Eutychus

264 3303 348 3381 Quid
371 3307 455 3371 istuc
478 3309 640 3387 negotist?

764 3461 785 3528 S
818 3483 862 3528 ra

725 3483 814 3640 Tuud
837 3579 932 3654 pater
954 3571 1162 3638 bellissumus

262 3679 406 3742 Amicam
430 3679 567 3744 adduxit
589 3680 675 3746 iutro
699 3681 732 3744 iu
756 3678 854 3744 aedis.

708 3855 917 3939 Eutychus
1066 3931 1071 3946 1

908 3965 978 4043 Quo
1002 3963 1121 4030 modo?

329 4205 379 4256 803
394 4206 518 4272 sequitur
536 4204 565 4257 Si
583 4205 644 4272 quis
662 4205 733 4260 elam
752 4221 865 4260 uxorem
884 4203 998 4260 duxerit
1015 4209 1139 4260 scortum
1159 4225 1236 4261 suem
1307 4215 1366 4266 804

262 4289 309 4341 illu
378 4290 533 4357 insculpam
552 4291 772 4345 conuenireutB
840 4291 1082 4358 sueinuestigioc
1149 4295 1200 4346 810
1214 4294 1368 4352 alumnuc

331 4375 437 4428 mium.
506 4377 557 4429 812
575 4394 592 4430 u
609 4376 712 4430 familis
