2940 5008
539 483 567 538 V.
588 486 750 540 aot-1007.
1130 489 1190 550 355

87 679 149 738 del.
177 677 312 738 Guietus.
335 709 378 718 -
400 683 470 740 979.
496 673 640 755 Tempm'
661 679 788 751 Acidal,
813 701 839 738 v.
863 680 901 738 ed
924 679 992 740 Aul.
1013 679 1084 740 446.
1122 679 1196 738 Sero

87 801 159 839 eum
195 781 362 840 munificum
396 803 458 840 esse
492 783 574 854 dicit,
608 801 698 860 quum
732 782 807 841 nihil
840 781 922 840 eliud
954 783 1053 840 facere
1086 784 1193 860 possit.

87 879 183 959 copia
203 883 302 944 Guiet.
326 913 368 924 -
391 887 462 944 980.
487 881 571 962 quod
592 883 690 958 Both,
715 885 751 944 ci.
776 884 814 944 ad
836 884 945 962 Amph.
961 885 1030 944 392.
1058 915 1094 926 —
1121 887 1192 944 981.

86 981 151 1046 siet
180 986 244 1062 Pyl.
278 1016 321 1026 —
354 990 426 1046 989.
451 979 583 1062 Si-siree,
617 989 653 1046 ci.
679 989 751 1048 303.
784 1017 826 1028 -
859 981 963 1048 ioculo
991 988 1038 1048 ed.
1067 1008 1124 1066 pr.,
1159 990 1195 1046 ci.

86 1089 185 1149 Most.
210 1091 281 1148 908.
316 1119 357 1132 -
392 1092 463 1150 984.
488 1086 540 1150 ted
560 1089 669 1166 Guiet,
697 1091 782 1170 prob.
806 1090 841 1148 R.
865 1089 940 1150 Nos.
964 1089 1036 1150 Exo.
1060 1119 1102 1130 -
1125 1085 1195 1152 eius

87 1206 143 1266 es,·
178 1207 274 1252 seram
297 1192 343 1252 ed.
365 1213 412 1271 pr.
447 1223 489 1236 -
523 1195 594 1253 985.
626 1187 728 1266 Hunc,
763 1194 799 1252 ci.
827 1195 895 1252 122.
940 1207 989 1252 me
1010 1191 1067 1252 del.
1093 1193 1192 1253 Guiet.

86 1325 132 1335 -
170 1298 230 1355 988
256 1295 424 1372 Lysimachi
452 1297 516 1354 esis
538 1295 615 1355 vidit
637 1295 833 1356 Camerarius,
877 1295 1010 1356 Irridens
1032 1295 1194 1374 Demipho·
1306 1358 1312 1377 .

87 1419 158 1457 nem
178 1399 325 1472 hortatur,
349 1403 384 1456 ut
401 1398 518 1457 delictis
541 1400 602 1458 suis
625 1403 656 1457 et
677 1399 886 1458 adulescentie
908 1399 1026 1458 reniam
1047 1403 1195 1477 precetur.

88 1531 133 1542 --
159 1503 232 1561 987.
255 1496 292 1561 in
318 1517 368 1561 me
390 1503 494 1580 scripsi
516 1521 633 1560 sensum
656 1509 785 1576 secutus,
813 1521 913 1579 quum,
937 1501 1010 1579 quid
1038 1503 1069 1560 in
1092 1503 1195 1562 arche·

86 1611 166 1683 typo
189 1605 289 1677 fucrit,
313 1623 372 1663 non
394 1606 520 1682 liqueat;
547 1601 630 1680 „sia“
656 1606 702 1665 ed.
726 1625 789 1684 pr.;
812 1604 916 1666 Both:
949 1607 999 1680 ,in
1021 1601 1130 1666 hunc“.
1154 1635 1197 1646 -

88 1701 238 1767 inuebier
260 1709 376 1785 scripsi.
400 1737 442 1748 -
465 1709 536 1767 989.
561 1703 685 1768 Missas
707 1710 753 1767 ed.
772 1728 818 1786 pr.
843 1737 885 1749 -
907 1707 991 1768 artes
1012 1702 1081 1783 feci.
1117 1701 1195 1768 DE.

88 1803 139 1870 Et
162 1809 249 1870 Grut.
295 1825 351 1887 epo
380 1805 491 1870 dehinc
519 1806 585 1870 iam
611 1831 650 1870 sc.
675 1812 779 1870 missas
801 1811 916 1870 faciam.
952 1841 993 1851 -
1026 1807 1098 1890 ayis
1127 1811 1195 1872 add.

90 1913 215 1974 Lachm.
260 1915 339 1972 Ante
367 1913 429 1972 bec
451 1914 621 1988 Lysimachi
650 1918 723 1973 nota
750 1915 782 1974 iu
811 1914 896 1972 libris
923 1935 983 1974 non
1005 1920 1052 1974 est
1074 1916 1194 1992 scripta,

90 2019 146 2076 sed
169 2018 301 2096 spatium
324 2017 469 2076 relictum.
489 2046 533 2056 —
550 2019 621 2075 991.
648 2011 731 2092 Quin
753 2011 832 2076 loris
855 2024 909 2076 cet.
945 2016 1027 2090 Orat,
1045 2023 1080 2078 ut
1096 2021 1196 2095 potius

89 2123 167 2179 loris
208 2142 240 2180 ss
273 2121 389 2179 cadant
420 2140 510 2197 quam
543 2122 682 2179 conviciis
716 2123 876 2197 exagitent.
917 2149 960 2161 -
999 2123 1070 2182 993.
1113 2116 1199 2197 Quid

90 2218 192 2285 istic?
212 2245 242 2284 v.
267 2225 304 2282 ad
328 2223 433 2284 Bacch.
460 2225 550 2282 1046.
574 2252 617 2264 -
639 2225 711 2282 994.
733 2217 875 2282 utibilist
896 2223 930 2282 R.
976 2221 1050 2283 Post
1075 2222 1193 2298 ,locus“

90 2329 269 2406 interpunxi
297 2331 328 2385 et
355 2328 387 2384 in
415 2329 551 2404 proximo
579 2345 668 2386 versu
695 2328 801 2405 scripsi
830 2319 943 2386 arbitri
969 2322 1043 2406 etat,
1076 2347 1135 2387 non
1163 2334 1197 2387 ut

93 2431 187 2508 uulgo
212 2429 338 2504 „arbitri
360 2434 395 2488 ut
410 2424 505 2502 sint“;
529 2449 597 2488 nam
614 2449 632 2488 a
651 2449 738 2488 sensu
757 2429 907 2505 abhorret,
930 2431 1092 2510 siliungaa:
1121 2451 1197 2504 ,non

92 2535 180 2594 utilis
208 2539 256 2593 est
284 2533 332 2590 hic
358 2533 441 2592 locus
471 2537 505 2592 ut
533 2537 746 2610 praetereuntes
773 2533 920 2592 factorum
947 2537 1068 2592 tuorum
1090 2522 1201 2594 arbitri¹

88 2633 188 2710 sint“;
225 2634 384 2695 dicendum
414 2641 480 2694 erat
510 2655 598 2710 ,nam
626 2631 742 2694 erunt“.
787 2635 832 2694 De
855 2636 956 2695 dativo
984 2632 1078 2713 sactis
1106 2657 1134 2696 r.
1158 2637 1195 2695 ad

88 2740 153 2798 mi
181 2741 254 2799 273.
289 2769 330 2778 —
365 2740 435 2798 occ.
459 2733 575 2798 Hercle
598 2735 662 2814 qut,
686 2739 721 2797 ef.
747 2739 818 2798 roc.
850 2768 893 2783 -
922 2734 1038 2812 auom,
1062 2739 1098 2798 ef.
1123 2740 1193 2798 ιιι.

88 2842 154 2901 Non
178 2843 272 2901 semel
294 2847 414 2919 poetam
437 2843 535 2900 vereri
557 2840 702 2914 videmus,
735 2862 772 2899 ue
794 2843 885 2900 nimia
907 2842 1014 2901 fabulas
1037 2841 1194 2917 longitudo

89 2943 311 3023 spectatoribus
332 2945 454 3003 tedium
477 2943 589 3018 afferat,
621 2963 648 3002 v.
669 2944 776 3004 Pseud.
798 2947 868 3003 388.
903 2945 972 3010 Cas.
990 2947 1066 3004 917:
1100 2945 1194 3019 „hano

89 3069 125 3106 ex
147 3051 239 3124 longa
261 3047 424 3124 longiorem
446 3066 483 3104 ne
506 3047 648 3107 faciamus
670 3043 832 3107 fabulam“.
862 3077 903 3088 -
932 3050 1003 3108 998.
1027 3039 1117 3122 Illae,
1141 3048 1194 3106 illa

89 3153 146 3224 via,
171 3169 248 3228 quse,
272 3153 307 3208 ut
328 3151 408 3209 inter
429 3151 544 3208 vicinos
567 3150 645 3209 solet
667 3145 708 3226 (v.
732 3151 771 3209 ad
793 3149 881 3228 Epid.
903 3147 987 3225 658),
1012 3149 1049 3210 ab
1072 3149 1194 3209 alterius

89 3253 177 3314 horto
201 3253 240 3313 ad
263 3254 389 3312 alterum
406 3253 474 3328 fert,
499 3271 554 3328 ego
573 3257 603 3312 et
620 3252 699 3313 filius
721 3273 804 3312 meus
827 3253 946 3314 domum
969 3253 1140 3312 redibimus.
1154 3283 1195 3293 —

90 3360 161 3418 999.
185 3359 359 3434 Antequam
382 3355 501 3416 domum
530 3355 708 3432 ingreditur,
739 3357 932 3434 Lysimachus
955 3357 1053 3416 denuo
1076 3375 1111 3416 ex
1133 3355 1195 3416 filio

88 3463 207 3537 querit,
230 3480 301 3518 num
323 3480 356 3518 re
378 3480 451 3519 vera
473 3478 594 3518 uxorem
616 3459 764 3539 placatam
786 3462 961 3520 inventurus
984 3461 1195 3520 sic-1002.

94 3557 176 3624 Uide
196 3559 290 3623 modo
312 3563 347 3622 R.
394 3561 522 3638 Veritus,
551 3583 588 3622 ne
609 3583 694 3623 error
716 3564 825 3641 aliquis
848 3563 952 3636 subsit,
975 3563 1069 3622 filium
1098 3570 1194 3641 rogat,

87 3675 122 3728 ut
151 3673 291 3727 accurate
320 3667 499 3742 consideret,
529 3667 600 3744 quid
629 3667 686 3727 sibi
714 3669 891 3727 narraverit.
937 3665 1067 3744 Langen.
1097 3666 1193 3727 BeItr.

89 3793 116 3848 p.
142 3773 221 3831 277:
253 3769 358 3846 ,Uide
381 3770 446 3831 ΕΠ.
469 3770 515 3830 Do
538 3791 633 3830 meam
656 3767 776 3831 fidem“.
802 3799 840 3811 -
863 3765 937 3832 ΕΠ.
962 3763 1018 3830 Me
1039 3766 1124 3844 uide,
1147 3771 1193 3830 ed.

88 3893 144 3950 pn,
177 3876 196 3932 i.
221 3893 247 3933 e.
271 3893 318 3932 me
346 3878 498 3933 auctorem
525 3874 645 3950 habeto,
673 3897 701 3935 v.
732 3872 771 3932 ad
793 3874 874 3934 Asin.
902 3874 971 3932 144.
1016 3873 1096 3933 Trin.
1122 3875 1193 3932 808.

89 4005 131 4018 -·
153 3971 213 4038 eat
234 3969 347 4050 tabem
374 3973 433 4036 sed
453 3976 498 4051 R,
529 3977 565 4038 cf.
588 3977 679 4038 Most.
704 3979 773 4036 381.
798 4007 840 4018 -
866 3977 956 4036 1003.
980 3976 1025 4035 Ab
1048 3975 1104 4035 hoo
1126 3975 1195 4066 inodo

92 4101 179 4141 versu
197 4079 330 4140 codicem
347 4079 371 4138 B
391 4077 509 4140 Graecas
531 4099 724 4158 personarum
743 4085 831 4140 notes
854 4079 992 4138 exhibere
1009 4097 1100 4156 supra
1116 4097 1195 4136 com-

92 4185 322 4246 memoravimus
339 4202 367 4258 p.
384 4183 454 4243 314.
470 4211 508 4223 -
525 4185 615 4244 1005.
630 4177 728 4243 Pctus
745 4201 801 4260 pro
818 4202 877 4241 una
895 4179 1008 4258 syllaba
1019 4185 1081 4268 est3
1099 4179 1194 4256 Bugg.

89 4285 195 4367 Opusc.
225 4285 265 4346 ad
293 4285 391 4345 Madv.
421 4307 451 4366 p.
485 4287 558 4346 158:
597 4285 702 4360 „Prius
736 4305 824 4363 quam
857 4279 974 4344 eamns“
1011 4285 1114 4343 voluit.
1148 4313 1191 4323 -

87 4387 225 4451 coemit
246 4383 322 4464 siut,
345 4390 563 4462 contineantur,
587 4389 623 4449 of.
647 4389 736 4448 Poen.
761 4389 832 4448 461.
857 4417 898 4429 -·
923 4388 1012 4448 1007.
1038 4379 1185 4448 Seu-siue
