2940 5008
262 457 323 518 344
736 452 877 507 Murrutor

261 647 339 725 cipio
362 667 463 706 versun
485 650 547 706 uine
570 646 661 707 dubio
684 655 857 725 corruptum
879 654 938 720 ent3
967 647 1052 707 Both.
1078 645 1188 722 ,,Τιιιιι”ι
1214 652 1234 707 i.
1259 669 1285 704 e.
1311 653 1366 706 tx-

260 769 342 822 meu3
365 769 490 826 eumque
513 753 649 827 nequitur
671 749 706 810 R.
751 749 831 826 Ego:
854 745 948 810 Nam.
992 750 1136 810 Concedit
1156 771 1188 808 no
1210 751 1365 823 tergivnrb

260 857 356 910 nutum
379 871 443 910 exne
459 857 490 909 et
511 853 664 928 egerrime
682 853 804 929 perduci
826 871 922 931 porse,
944 859 980 912 ut
998 853 1077 912 diunt
1093 873 1158 930 quae
1179 855 1220 910 uit
1239 853 1364 928 mulier,

260 954 312 1012 rod
333 973 427 1012 uxore
449 953 604 1030 flagitante
632 975 780 1014 uersurum
805 975 878 1014 esse.
924 955 1098 1014 Coniunctio
1121 956 1158 1014 nd
1181 959 1366 1014 senteutiam

260 1074 319 1114 uon
342 1075 510 1133 expressam
538 1056 676 1128 refertur,
709 1056 745 1116 us.
770 1057 808 1116 ud
829 1058 912 1116 Asin.
939 1059 1007 1116 122.
1034 1089 1069 1100 —
1097 1060 1167 1118 724.
1191 1055 1256 1118 ium
1282 1053 1366 1118 scio.

260 1157 292 1218 Si
314 1161 410 1216 minus
432 1157 570 1217 turbatur
592 1166 678 1228 exuet,
702 1160 829 1220 diceret:
861 1163 938 1232 „inm
960 1160 1094 1220 diuturno
1115 1157 1210 1220 num“.
1245 1160 1365 1220 Eadem

260 1259 350 1318 verbu
383 1279 452 1320 mox
485 1260 621 1339 Dorippa
655 1281 720 1320 num
754 1263 890 1322 irrisione
923 1265 1041 1338 repetit.
1086 1263 1144 1322 sed
1182 1263 1290 1322 mulier
1329 1266 1365 1322 in

259 1361 370 1422 udibuu
410 1361 517 1423 iudinin
550 1383 674 1422 verrunt
707 1366 806 1442 potius
841 1365 873 1422 in
912 1367 1065 1424 consilium
1105 1365 1263 1442 ndnumptu
1294 1385 1367 1424 unse

259 1463 388 1536 videtur,
419 1484 506 1542 quum
529 1472 565 1524 ut
587 1467 624 1524 de
647 1485 683 1524 eu
705 1467 896 1526 iudicaretur.
924 1498 960 1508 -
986 1468 1056 1526 727.
1080 1462 1136 1540 sic,
1164 1469 1246 1544 quud
1268 1471 1366 1526 etium

261 1566 341 1645 apud
363 1565 483 1626 Festum
506 1587 536 1646 p.
562 1569 620 1628 338
652 1573 757 1638 exutut,
792 1571 910 1628 minime
942 1569 1116 1630 tentandum
1149 1577 1202 1630 eut.
1246 1571 1367 1629 Verum
1433 1633 1435 1636 ,

259 1689 351 1728 causa
378 1669 492 1728 (lumen.
523 1669 642 1740 delevit,
678 1670 712 1729 R.
740 1667 848 1742 „hnec“
875 1671 1043 1745 substituit;
1078 1671 1197 1730 Miller.
1221 1671 1305 1732 Pron.
1329 1695 1365 1751 p.

260 1773 321 1832 257
350 1771 424 1830 vidit
452 1772 614 1849 sequestro
640 1772 739 1832 modin
767 1779 905 1849 correpta
932 1775 1185 1851 pronuntiandum
1214 1795 1287 1848 unse,
1322 1777 1365 1834 uf.

259 1873 377 1952 Proleg.
400 1895 430 1952 p.
456 1875 525 1932 201.
571 1873 601 1934 Si
625 1883 816 1952 transponas:
842 1882 1015 1952 „sequestro
1037 1872 1110 1951 uic“,
1131 1880 1256 1936 vitiosus
1280 1880 1365 1937 oria·

258 1985 308 2034 tur
330 1976 487 2036 verborum
512 1977 593 2036 ordo.
619 2007 656 2016 -
676 1976 835 2054 Sequuntur
857 1984 902 2036 eut
922 1980 1080 2056 μισὲγγνος,
1102 1981 1138 2038 cs.
1163 1979 1299 2039 Vidulur.
1320 1981 1364 2038 fx.

260 2080 296 2138 4:
324 2079 476 2152 „nidulum
498 2079 546 2138 hic
569 2079 724 2158 udpunite;
747 2079 811 2157 Ego
829 2081 963 2153 romabo,
986 2082 1072 2158 quusi
1094 2087 1247 2159 unqueutro
1264 2083 1366 2156 defin

259 2183 357 2240 uentri
385 2181 518 2255 reddibn,
553 2182 699 2242 Doninnm
727 2182 798 2242 hunc
827 2183 989 2242 diiudicata
1016 2203 1064 2242 reu
1091 2181 1160 2244 uit‘.
1190 2204 1255 2261 sqq.
1279 2183 1367 2244 Rud.

262 2285 419 2344 1001-
443 2286 512 2343 728.
538 2279 632 2344 Nihil
653 2279 833 2361 quidquam,
864 2286 901 2344 uf.
926 2281 1129 2358 3111731128,
1158 2285 1238 2362 quud
1261 2289 1364 2364 suspi-

259 2388 351 2458 uurix3
379 2405 446 2446 num
469 2387 549 2463 quod
574 2385 756 2464 „Intellegu“
783 2389 866 2460 dixit,
896 2409 961 2447 cum
983 2391 1079 2448 ironia
1100 2389 1132 2446 id
1155 2389 1212 2446 dini
1235 2407 1367 2464 appare·

259 2489 320 2548 but.
343 2517 385 2528 -
408 2484 558 2560 Numm,
582 2497 651 2546 unte
674 2495 801 2567 tempus,
824 2509 851 2546 v.
876 2492 914 2549 ad
937 2491 1043 2570 Amph.
1070 2493 1145 2562 l77;
1172 2491 1306 2550 nundum
1330 2499 1365 2550 te

260 2593 402 2664 uuuusun,
427 2611 481 2668 ego
503 2611 561 2650 nun
581 2591 642 2650 dixi
659 2593 782 2650 arnicxrn
805 2598 887 2652 tunm
910 2613 1038 2652 esse.—
1045 2587 1178 2670 purique
1190 2593 1224 2652 R.
1249 2592 1365 2670 Opunu.

258 2692 288 2752 11
310 2713 339 2772 p.
363 2696 442 2765 432;
466 2693 607 2768 Pylades:
635 2691 818 2771 „purgitun“.

346 2797 415 2855 730.
439 2797 570 2854 Advenit
597 2816 706 2873 coquus
735 2819 752 2856 u
779 2817 847 2856 neue
876 2799 1038 2858 conductus
1068 2819 1133 2856 cum
1155 2801 1249 2858 nervis
1272 2799 1367 2858 udin·

258 2897 382 2969 toribus,
412 2918 486 2974 quos
514 2899 687 2975 alloquitur.
733 2899 768 2958 R.
797 2900 876 2976 quod
906 2907 974 2960 antu
1002 2900 1077 2960 hunc
1099 2921 1216 2959 suenum
1239 2920 1366 2960 vernum

260 3001 403 3060 excidisse
436 3004 555 3076 putavit
588 3001 745 3062 eiusmodi:
784 3003 882 3074 {Quos
910 3023 973 3062 ense
1001 3003 1054 3062 hou
1082 3003 1187 3074 dinam,
1221 3004 1273 3078 qui
1301 3004 1366 3064 hue

259 3107 340 3162 rectu
364 3103 525 3162 adveniunt
547 3099 624 3177 viu“‚
650 3123 683 3161 eo
706 3123 764 3162 non
787 3111 832 3164 est
855 3125 936 3184 opus.
962 3135 1001 3146 --
1026 3107 1096 3164 731.
1118 3104 1228 3164 'Hiutun
1249 3107 1280 3163 iu
1305 3125 1364 3164 uru-

259 3225 337 3264 suru.
383 3200 494 3280 Atque,
518 3225 545 3264 v.
569 3207 607 3264 ad
630 3205 713 3283 Cupt.
739 3208 809 3266 354.
832 3233 875 3246 ·-
897 3222 990 3283 quom
1010 3203 1155 3283 recoyt'w,
1180 3207 1216 3266 cf.
1235 3207 1273 3265 nd
1291 3208 1365 3268 Mil.

262 3309 352 3366 1367.
378 3335 413 3346 -
441 3309 510 3366 732.
539 3323 603 3366 mm
625 3304 697 3385 quoi
724 3305 867 3368 conducti
874 3332 881 3382 ;
908 3309 1006 3372 media
1034 3310 1185 3387 supplevit
1211 3309 1290 3368 Cum.
1315 3339 1364 3350 --

261 3411 330 3468 734.
355 3408 463 3466 Hiutur
484 3415 514 3468 et
535 3412 566 3468 in
588 3430 699 3470 naesuru
722 3417 753 3468 ut
775 3418 843 3470 unte
866 3419 1030 3470 extremum
1054 3414 1193 3470 creticum
1212 3407 1262 3486 (nl.
1275 3411 1361 3470 Prol.

258 3531 288 3588 p.
315 3507 397 3586 183).
443 3511 476 3570 R.
502 3531 617 3571 versum
640 3513 801 3574 dumnuvit.
824 3543 866 3554 -
890 3515 960 3572 735.
984 3515 1123 3586 onustos,
1153 3515 1218 3572 ulbo
1241 3515 1364 3591 spoliis·

259 3635 317 3691 que
340 3633 432 3686 tenu,
462 3617 486 3672 xi
508 3634 565 3674 nou
590 3616 654 3674 nliin
677 3619 783 3689 etium,
814 3636 878 3692 quae
906 3617 985 3674 furtu
1009 3617 1195 3676 abstulerint.
1220 3643 1258 3656 -
1285 3617 1362 3676 736.

259 3731 363 3788 senex,
387 3737 445 3775 non
465 3718 612 3790 „seuem“‚
636 3719 706 3793 quin
724 3717 762 3774 ud
779 3720 946 3794 proximum
962 3739 1048 3794 pron.
1068 3719 1226 3778 relativum
1245 3737 1363 3778 aunum·

258 3819 405 3890 modutur,
423 3839 450 3878 v.
463 3819 595 3894 Langen.
608 3819 749 3894 Beitriigu
768 3841 796 3896 p.
812 3824 839 3880 5.
875 3820 908 3880 V.
922 3821 959 3878 ud
974 3823 1044 3880 227.
1073 3819 1157 3898 Gupt.
1175 3822 1243 3880 180.
1273 3819 1361 3881 Trin.

262 3923 358 3982 1075:
376 3921 481 3994 „liberi
493 3922 565 3999 quid
577 3927 670 3998 ngunt
680 3924 747 3993 mei,
760 3922 838 3993 Quos
850 3925 958 3999 reliqui
969 3923 1016 3981 hin
1028 3921 1121 3982 filium
1133 3929 1222 4000 utque
1234 3921 1361 3983 filium“.

263 4053 298 4062 —
325 4026 395 4082 737.
418 4018 626 4094 Adueninm,
650 4023 799 4084 adsumus.
818 4054 859 4065 -
880 4027 948 4084 738.
972 4018 1130 4085 Abeamue
1152 4026 1231 4084 Cam.
1254 4045 1365 4086 versus

260 4147 361 4199 cuusu3
392 4125 426 4184 R.
450 4125 555 4184 maluit
583 4131 716 4184 extremo
738 4125 817 4182 loco:
856 4127 932 4200 „Abi
955 4124 1072 4186 m0d0“.
1095 4157 1137 4168 -
1162 4130 1230 4187 740.
1257 4127 1360 4202 „sed“

261 4227 316 4285 del.
346 4227 468 4287 Pureus.
491 4256 533 4266 —
563 4228 632 4284 742.
662 4221 809 4301 Haecine,
842 4228 1006 4308 Dorippum
1039 4230 1196 4304 significat.
1220 4258 1262 4269 -
1286 4232 1362 4290 743.

260 4325 438 4390 diaeticum.
457 4359 498 4369 -
516 4332 586 4388 744.
605 4323 696 4405 filum
714 4328 793 4403 Pius,
816 4334 836 4390 i.
850 4353 874 4390 e.
892 4352 993 4407 genus,
1016 4334 1163 4408 χαρακτήρ,
1188 4332 1222 4390 uf.
1235 4331 1363 4392 Luuret.
