2940 5008
319 464 380 526 316
796 459 945 518 Mercator.

319 654 383 714 dite
405 661 481 730 sunt,
504 656 643 728 redimus,
672 675 718 716 vv.
744 658 847 715 9-10
870 656 907 716 eb
929 657 994 736 ipso
1017 655 1123 716 Plento
1146 658 1255 717 elienos
1276 677 1330 716 esse
1347 677 1386 733 ep·

316 763 416 836 paret3
440 758 476 818 de
493 759 599 818 ceteris
618 759 788 834 ambiguum
811 759 953 819 indicium
976 765 1070 819 estet
1092 763 1180 820 verice
1198 759 1312 820 inerunt
1326 761 1388 818 viro·

316 881 381 920 rum
411 861 565 920 doctorum
588 865 749 922 sententiae.
794 861 940 922 Dzietzko
963 863 1039 922 Mus.
1064 863 1157 922 Rben.
1181 861 1277 922 XXVI
1297 884 1323 940 p.
1342 863 1388 920 421

316 985 380 1042 eqq.
404 965 505 1024 eiectis
528 985 575 1024 vv.
591 967 694 1023 9—10
718 971 749 1022 et
775 967 897 1024 18-39
921 967 1035 1042 relique
1058 969 1115 1045 ipsi
1138 966 1244 1026 Plauto
1266 966 1391 1036 vindicn13

316 1065 527 1126 Reinherdtine
549 1067 580 1126 in
603 1067 736 1126 Studem.
750 1067 861 1128 Studl
879 1088 908 1146 p.
928 1070 967 1128 80
990 1089 1055 1145 sqq.
1078 1071 1172 1145 ipsius
1194 1070 1293 1128 Pleuti
1313 1073 1394 1126 censet

315 1169 491 1247 perbrevem
523 1170 614 1228 fuisse
647 1171 813 1249 prologum,
848 1171 947 1229 decem
980 1191 1119 1231 rensuum
1156 1175 1246 1244 1-2,
1283 1171 1394 1233 11-13.

319 1275 494 1347 105-109,
519 1278 616 1332 cetere
639 1274 867 1353 interpolatores
890 1273 1013 1334 diverses
1035 1277 1131 1334 etatis
1154 1275 1314 1346 addidisem
1335 1292 1394 1351 qne,

316 1378 374 1436 nisi
402 1376 498 1448 fellor,
528 1382 607 1434 recte
635 1377 779 1436 refutavit
807 1377 953 1436 Dzistcko
976 1377 1053 1436 Mus.
1077 1377 1170 1437 Rhen.
1193 1377 1294 1436 XXIX
1317 1399 1342 1455 p.
1362 1377 1393 1432 63

316 1501 360 1557 eq.
405 1479 479 1538 Mihi
501 1499 617 1556 qnoque
645 1487 757 1538 certum
780 1480 908 1553 videtur,
937 1482 1084 1558 copiosius
1114 1481 1326 1540 adulescentem
1349 1479 1395 1536 mi·

315 1585 407 1642 series
424 1601 491 1641 suos
510 1602 659 1656 ncrresse3
683 1583 735 1642 sed
758 1583 819 1642 hec
842 1584 1021 1661 amplificate
1044 1605 1105 1644 eese
1128 1583 1165 1642 eb
1187 1584 1290 1644 iisdem
1312 1582 1396 1640 hist-ri·

316 1685 432 1756 onibus,
463 1683 571 1761 quibus
602 1685 653 1744 elii
683 1687 801 1762 prologi
825 1685 979 1758 debentur,
1011 1694 1041 1745 et
1069 1689 1131 1764 ipse
1160 1687 1257 1745 credo.
1300 1687 1339 1745 Dc
1356 1703 1396 1741 vv.

318 1789 400 1846 3-8
431 1793 556 1864 propter
587 1787 811 1847 similitudinem
839 1788 947 1866 Amph.
971 1790 1009 1847 41
1042 1809 1108 1867 sqq.
1140 1789 1279 1848 dubitsre
1303 1787 1397 1866 poseie3

317 1890 368 1948 sed
390 1887 453 1947 fieri
478 1894 579 1964 potest
600 1895 635 1948 nt
656 1892 884 1969 Amphitruonis
906 1892 1047 1969 prologus
1070 1893 1107 1950 ud
1136 1893 1242 1952 horum
1266 1889 1398 1966 exemplar

316 2011 370 2050 sue
398 1991 571 2064 confecerit3
606 2012 652 2052 vv.
686 1995 808 2052 18-39
839 1999 936 2053 entem
965 1995 1095 2054 eiusdem
1129 1997 1246 2070 generis
1278 1995 1399 2054 videntur

317 2099 406 2171 etque
434 2093 497 2152 Mil.
528 2097 704 2170 617-764,
740 2104 779 2169 et,
813 2105 848 2154 ut
876 2097 917 2155 ibi
948 2097 1018 2169 dixi,
1054 2097 1161 2156 Lucilii
1194 2097 1293 2176 potius
1323 2113 1399 2172 quoru

317 2197 415 2256 Plauti
445 2199 586 2274 aqualem
615 2201 743 2276 sepiunt.
789 2200 894 2277 Itaque
923 2201 1006 2259 uncis
1034 2201 1207 2260 inclusimus
1230 2219 1276 2259 vv.
1299 2199 1399 2263 9-10.

316 2301 481 2376 dequibus
510 2320 595 2359 nemo
622 2301 748 2374 dubitet,
777 2302 828 2362 sed
858 2303 946 2381 plura
974 2303 1119 2362 ePlento
1150 2304 1248 2362 eliene
1276 2321 1335 2361 esee
1359 2319 1400 2358 eu·
1460 2351 1461 2360 ,

316 2403 473 2480 spicnmur.

403 2508 431 2564 3.
455 2500 530 2564 item
552 2506 791 2566 Muretus-4.
822 2503 862 2571 Ui
884 2504 1002 2568 amoris
1024 2510 1128 2588 scripsi
1150 2515 1185 2567 ut
1209 2511 1299 2568 uuo.
1330 2507 1400 2564 Cum.

321 2609 433 2682 „fecere
457 2607 633 2686 amanter,
657 2611 690 2669 R.
718 2617 884 2686 „amotores
906 2611 1019 2671 fecere“
1046 2613 1159 2670 histum
1181 2632 1286 2690 perum
1307 2611 1401 2688 probe·
1459 2609 1460 2626 .

314 2711 403 2771 bilem
431 2733 571 2772 excusare
601 2715 721 2773 studens
751 2715 869 2791 Proleg.
892 2714 974 2774 Trin.
1004 2735 1033 2792 p.
1057 2714 1143 2774 0011.
1189 2715 1307 2772 Muller.
1328 2711 1402 2770 Pron.

316 2835 345 2892 p.
362 2818 438 2876 540:
465 2815 622 2891 ,Uidiinm
635 2813 745 2888 more“,
770 2819 849 2894 quod
872 2837 938 2876 cum
961 2819 1148 2877 antecedenti
1173 2811 1285 2890 „ulios“
1308 2833 1403 2892 perum

317 2938 477 2994 congruere
510 2919 637 2978 videtur.
666 2949 708 2959 -
736 2915 782 2979 dii
804 2919 923 2979 Servius
951 2920 988 2978 cd
1012 2921 1080 2980 AEn.
1105 2921 1128 2992 I,
1159 2921 1235 2980 636:
1274 2919 1404 2992 ,Pleutus
1458 2959 1459 2998 ,

316 3025 347 3080 in
370 3022 554 3080 Mercatore:
585 3023 660 3094 Quia
682 3029 734 3081 eut
755 3025 834 3082 nocti
857 3033 909 3082 eut
932 3022 973 3081 dii
996 3029 1048 3082 ent
1070 3024 1125 3083 soli
1149 3030 1201 3082 eut
1223 3019 1327 3082 lunae“.
1366 3019 1404 3077 De
1458 3013 1459 3076 1

317 3123 411 3183 dativi
433 3125 529 3182 forme
549 3125 625 3199 ,dir
648 3127 695 3184 vel
714 3122 798 3198 „die“
819 3145 846 3184 v.
865 3125 901 3184 cd
913 3127 1019 3205 Amph.
1034 3128 1104 3185 272.
1149 3125 1242 3198 Neue,
1266 3123 1403 3184 Formenl.

316 3225 330 3284 I
352 3249 383 3304 p.
408 3229 467 3286 375
491 3247 554 3304 sqq.
600 3228 684 3300 Quod
707 3227 744 3286 ed
767 3229 861 3304 ipsam
886 3247 947 3286 rem
970 3231 1087 3304 attinet,
1111 3227 1242 3288 editores
1265 3246 1405 3305 comperu-

317 3335 387 3387 rnnt
421 3329 510 3408 Soph.
540 3324 584 3388 El.
616 3334 654 3389 86
684 3351 727 3409 sq.
773 3331 844 3390 Eur.
869 3331 948 3390 Med.
981 3333 1040 3390 148
1069 3351 1134 3408 sqq.
1178 3329 1341 3408 Theognet.
1363 3349 1403 3404 ap.

316 3432 386 3492 Ath.
414 3433 457 3490 ΙΙΙ
484 3452 513 3509 p.
542 3435 598 3490 104
628 3451 656 3492 c:
692 3435 913 3507 πεφιλοσόφηκας
939 3436 975 3511 γῇ
1002 3456 1029 3490 rs
1057 3433 1079 3490 κ’
1109 3433 1215 3509 οὐρανῷ
1248 3436 1342 3500 λαλῶν,
1372 3424 1406 3493 οἷς
1457 3489 1458 3502 ,

317 3535 392 3592 oddr'r
426 3539 497 3592 ἐστιν
530 3539 651 3611 ἐπιμελὲς
678 3539 733 3594 τῶν
764 3542 822 3594 σῶν
850 3539 946 3613 λόγων.
976 3565 1017 3576 -
1046 3539 1074 3595 6.
1099 3531 1311 3612 qudrimmtias
1333 3535 1403 3593 Cum·

315 3669 358 3680 -
388 3641 414 3697 7.
447 3634 525 3714 quid
556 3634 665 3712 uelint,
699 3635 778 3718 quid
808 3654 872 3700 non
900 3634 999 3699 uelint
1026 3639 1107 3698 Cam.
1136 3669 1178 3680 -
1209 3641 1312 3699 9--10
1345 3641 1406 3717 poet

231 3815 233 3820 Ι
316 3743 414 3801 Plauti
437 3747 554 3802 aetetem
576 3741 682 3815 additi,
711 3763 770 3820 quo
792 3749 926 3820 tempore
948 3741 1074 3802 Romani
1096 3745 1154 3800 ism
1179 3742 1321 3802 cultiores
1343 3739 1405 3800 iacti
1456 3769 1457 3818 ι

316 3867 334 3904 e
355 3845 478 3922 prologo
507 3847 597 3904 etiem
618 3845 753 3906 Graeoum
780 3845 887 3906 icbulae
915 3865 1024 3904 nornen
1052 3851 1083 3904 et
1109 3851 1260 3904 auctorem
1284 3844 1405 3923 postule·

315 3949 395 4020 bant,
420 3948 455 4006 oi.
473 3949 555 4008 Asin.
584 3951 630 4008 10.
659 3947 740 4007 Trin.
763 3951 811 4010 18.
840 3949 929 4008 Poen.
945 3949 993 4007 53.
1020 3976 1055 3987 -·
1081 3942 1189 4007 Macci
1211 3943 1279 4007 Piti
1301 3946 1405 4008 Ritsch.
1456 3937 1457 4019 1

315 4051 436 4126 Pererg.
460 4073 490 4128 p.
515 4053 564 4125 21,
597 4071 622 4110 v.
648 4051 781 4128 Prolegg.
806 4073 834 4130 p.
863 4053 919 4110 141
944 4070 1009 4128 sqq.
1034 4079 1075 4089 -
1100 4052 1147 4110 11.
1171 4047 1214 4110 ad
1234 4052 1405 4134 mercatum,

316 4156 352 4213 cf.
371 4154 438 4212 Ter.
457 4153 514 4213 Ad.
528 4156 598 4212 231.
630 4153 689 4213 Cio.
708 4153 771 4212 Inv.
794 4155 831 4227 II,
856 4157 884 4227 4,
912 4155 959 4212 14.
984 4181 1024 4192 -
1047 4148 1119 4213 hinc
1141 4161 1172 4213 et
1195 4147 1344 4214 Rhodum
1365 4150 1403 4209 ed·
1455 4211 1456 4216 ,

315 4279 360 4336 pr.
394 4287 436 4298 -
473 4259 519 4316 13.
550 4249 602 4316 Idi
632 4257 750 4317 Gruter.
780 4257 900 4316 Rhodus
928 4255 1127 4330 significatum
1160 4260 1320 4336 temporis,
1349 4272 1405 4334 quo
1455 4231 1456 4252 Χ

315 4360 481 4435 intercedit,
505 4359 647 4420 indicatio
669 4379 724 4438 pro
745 4361 917 4439 parenthesi
940 4365 994 4418 est.
1020 4387 1056 4400 ·-
1084 4361 1131 4418 14.
1156 4359 1270 4420 Nonius
1292 4382 1321 4439 p.
1339 4359 1403 4420 176:
