2960 5000
259 448 319 509 163
766 441 855 496 nunu
1170 442 1219 510 iv,
1236 445 1260 510 a,
1282 443 1397 497 re-—so

256 631 338 698 Nam
364 631 398 697 id
422 629 554 716 quidem
576 630 764 712 meditatur,
787 631 833 696 illi
857 637 895 696 ut
916 631 1017 696 uerba
1039 631 1139 698 faciet
1162 640 1303 698 mortuo.

256 739 300 804 Et
328 739 418 806 adire
446 739 539 806 lubet
567 739 746 820 hominem,
783 747 816 806 et
848 749 956 806 autem
991 741 1088 806 nimis
1122 761 1197 806 eum
1231 739 1393 805 ausculto

1023 847 1150 913 lubens.
1336 867 1396 919 840

677 947 955 1034 Syncerastus

256 1059 347 1126 Haec
369 1079 468 1144 quom
490 1057 544 1124 hic
561 1058 658 1124 uideo
677 1055 757 1137 fieri,
781 1061 919 1138 crucior,
943 1061 1057 1142 preliis
1076 1065 1203 1144 emptos
1222 1060 1393 1124 maxumis

256 1167 351 1252 Apud
373 1189 434 1234 nos
458 1167 682 1252 expeculiatos
706 1187 820 1232 seruos
843 1165 913 1232 lieri
937 1168 1003 1232 suis
1027 1169 1110 1248 eris3

256 1278 299 1344 Et
310 1278 353 1345 ad
365 1285 565 1362 postremum
581 1275 663 1340 nihil
680 1281 834 1358 apparet;
856 1275 942 1341 male
960 1283 1091 1360 partum
1110 1275 1194 1340 male
1213 1275 1367 1360 disperit.

733 1393 905 1479 Milphio

256 1505 397 1572 Proinde
420 1503 521 1569 habet
542 1503 596 1568 hic
619 1503 811 1584 orationem,
835 1505 929 1586 quasi
952 1505 1023 1588 ipse
1047 1505 1094 1570 sil
1113 1502 1198 1588 frugi
1220 1503 1345 1582 bonae,

257 1613 318 1692 Qui
341 1614 435 1698 ipsus
458 1611 568 1678 hercle
590 1613 793 1694 ignauiorem
816 1612 902 1695 potis
925 1621 976 1677 est
997 1611 1105 1678 iacere
1127 1613 1305 1694 ignauiam.
1335 1631 1391 1683 845

681 1732 958 1814 Syncerastus

256 1839 351 1906 Nunc
374 1841 505 1907 domum
528 1839 610 1906 haec
632 1839 674 1904 ab
698 1839 779 1904 aeds
797 1837 933 1906 Ueneris
950 1837 1057 1906 refero
1074 1859 1165 1918 uasa,
1188 1840 1245 1906 uhi
1263 1840 1389 1907 hostiis
1475 1863 1476 1868 ¹

255 1949 341 2014 Erus
363 1949 513 2031 nequiuit
534 1949 715 2033 propitiare
738 1946 900 2014 Uenerem
923 1968 981 2014 suo
1004 1945 1089 2014 festo
1112 1949 1173 2014 die.

730 2067 900 2148 Milphio

256 2151 414 2238 Lepidam
437 2151 610 2219 Uenercml

687 2237 952 2322 Syncerastum

651 2346 734 2411 Nam
757 2349 944 2413 meretrices
967 2355 1100 2414 nostrae
1123 2349 1238 2432 primis
1261 2348 1383 2414 hostiis

257 2454 416 2520 Uenerem
442 2455 615 2538 placauere
638 2455 810 2539 extemplo.

731 2575 906 2659 Milphio

859 2683 885 2750 Ο
909 2685 1050 2770 lepidam
1074 2685 1234 2752 Uenerem
1259 2685 1380 2752 denuo!

683 2791 952 2876 Syncerastus

257 2877 352 2943 Nunc
376 2877 507 2943 domum
530 2875 594 2942 ibo.

730 2963 900 3048 Milphio

564 3069 664 3148 Heus,
689 3071 890 3155 Syncerasto.

677 3178 952 3263 Syncerastus

861 3289 1091 3374 Syncerastum
1115 3291 1171 3374 qui
1194 3291 1312 3356 uocat?
1329 3307 1381 3360 850

709 3397 882 3482 Milphio

258 3480 346 3546 Tuus
369 3481 504 3546 amicus.

677 3567 951 3653 Syncerastus

466 3673 561 3740 Haud
585 3677 689 3742 amice
711 3677 801 3758 facis,
825 3679 880 3760 qui
904 3698 977 3742 cum
1002 3699 1100 3744 onere
1124 3675 1221 3743 offers
1244 3699 1377 3744 moram.

260 3823 483 3832 ...ψ-

909 3849 927 3884 ιι

325 3899 375 3954 889
393 3899 433 3952 illi
452 3903 483 3952 ul
500 3897 653 3953 meditatur
668 3895 704 3964 Β,
724 3897 769 3952 Illi
787 3898 941 3953 meditator
961 3897 983 3954 0
1054 3897 1137 3952 facite
1154 3905 1267 3955 mortuo
1284 3897 1321 3966 Β,
1337 3899 1376 3954 fu·

256 3984 312 4038 cite
330 3984 487 4040 morluaO
556 3987 608 4039 840
625 3989 673 4038 aut
691 3985 766 4038 culto
836 3985 887 4038 842
903 3983 978 4039 fieris
997 3985 1110 4038 uisceris
1178 3987 1230 4040 848
1248 3983 1304 4039 Sed

254 4073 400 4140 posterum
418 4069 447 4124 B
519 4087 617 4139 parum
696 4073 748 4124 844
765 4070 812 4124 hic
829 4070 923 4125 cm.O
994 4073 1045 4125 845
1063 4071 1157 4126 hercle
1173 4071 1250 4140 ipsus
1319 4073 1376 4140 poli

255 4156 308 4210 848
325 4155 386 4209 aedi
464 4157 570 4211 earne
589 4155 668 4224 quoti
685 4155 876 4222 B‚neculi(l
962 4155 1207 4212 adsuetum
1290 4173 1373 4213 mara·

255 4242 333 4296 tricis
420 4241 527 4311 primus
546 4239 638 4294 hostis
657 4239 685 4308 0,
703 4241 804 4296 hostiis
822 4241 851 4296 B
936 4245 988 4297 848
1006 4241 1174 4311 exemploO
1257 4245 1310 4298 880
1325 4243 1374 4298 hen

255 4328 304 4380 881
325 4326 456 4395 quiquam
471 4324 508 4394 B,
528 4327 657 4394 cuiquam
677 4325 702 4383 0
769 4325 869 4382 offeras
887 4326 915 4382 B
