2960 5000
100 449 157 518 ΙΠ,
176 451 204 518 3,
223 449 327 504 49-65
594 449 740 504 Poenulus.

566 638 769 704 Aduooati

99 750 148 814 At
173 748 261 814 enim
283 745 337 810 hio
360 748 443 811 olam
467 745 581 812 furtim
605 767 674 810 esse
697 747 777 824 uolt,
802 769 842 811 ne
865 747 938 830 quis
962 748 1044 812 soiat

100 857 198 922 Neue
222 855 346 920 arbiter
369 856 421 934 sit,
443 876 519 920 nam
542 855 596 919 hio
618 855 703 920 latro
726 857 758 918 in
782 855 903 938 Sparta
924 855 996 934 fuit,

102 959 151 1024 Ut
175 958 308 1042 quidem
330 964 400 1046 ipse
422 963 515 1028 nobis
540 963 632 1036 dixit,
656 963 744 1046 apud
767 985 875 1046 regem
898 963 1056 1028 Attalum.

99 1067 187 1134 Inde
210 1069 274 1133 huo
296 1071 432 1152 aufugit,
456 1074 612 1154 quoniam
636 1073 766 1155 eapitur
788 1071 954 1154 oppidum.

537 1223 800 1290 Collabisous

99 1335 210 1397 Nimis
233 1331 341 1416 lepide
365 1333 405 1432 de
427 1333 572 1412 latrone3
598 1333 637 1398 de
662 1333 780 1418 Sparta
802 1341 943 1416 optume.
1179 1349 1230 1404 666

603 1489 627 1551 L
662 1508 731 1552 cus
769 1511 775 1520 ·

100 1596 145 1659 Di
171 1596 317 1678 deaeque
339 1595 433 1659 uobis
456 1595 560 1660 multa
583 1510 670 1660 boda
692 1596 781 1676 dent,
805 1617 902 1676 quom
925 1595 1004 1660 mihi

101 1703 148 1769 Et
172 1704 255 1768 bene
277 1705 466 1787 praecipitis
489 1711 522 1769 et
544 1703 664 1769 bonam
687 1705 844 1804 praedam
868 1705 963 1768 datis.

564 1857 767 1922 Aduooati

100 1967 210 2030 Immo
232 1973 269 2030 ιιι
291 1966 362 2048 ipse
383 1965 478 2030 nobis
502 1967 592 2044 dixit,
616 1987 680 2048 quo
703 1967 842 2031 adoures
865 1967 977 2048 magis,

101 2073 285 2139 Trecentos
308 2095 458 2138 nummos
481 2073 650 2157 Philippos
675 2081 784 2156 portat
807 2075 959 2158 praesidi.

608 2228 632 2291 L
669 2249 736 2292 ous

102 2337 175 2400 Rex
198 2357 280 2415 snm,
303 2337 331 2401 si
354 2357 414 2418 ego
437 2335 530 2400 illum
553 2250 661 2400 hodiey
674 2337 716 2400 ad
740 2357 791 2400 me
815 2335 979 2400 hominem
999 2335 1161 2400 adlexero.
1181 2351 1232 2404 6¹70

569 2489 768 2556 Adnooati

105 2598 193 2676 Quin
216 2599 270 2662 hio
294 2599 424 2681 quidem
447 2607 524 2663 tuus
548 2607 604 2661 est.

604 2735 629 2800 L
637 2755 735 2818 yous

662 2843 804 2908 Obsecro
827 2842 945 2918 hercle,
969 2841 1154 2920 hortamini,

105 2953 152 3017 Ut
175 2953 370 3017 dehortatur
392 2951 434 3016 ad
457 2971 508 3016 me
530 2951 563 3014 in
587 2951 764 3034 hospitium
788 2957 965 3034 optumum.

566 3099 766 3164 Aduooati

106 3209 223 3291 Neque
245 3229 303 3272 nos
325 3207 451 3272 hortari
473 3228 578 3290 neque
602 3208 771 3272 dehortari
794 3208 888 3273 decet

107 3317 281 3382 Hominem
304 3316 527 3399 peregrinum3
551 3323 641 3380 tuam
663 3337 732 3380 rem
755 3327 791 3380 tu
814 3337 902 3398 ages,
926 3317 954 3380 si
977 3316 1074 3398 sapis.

107 3423 174 3488 Nos
197 3424 260 3488 tibi
283 3423 470 3506 palumbem
493 3423 669 3488 adoream
692 3445 798 3508 usque
821 3424 1033 3502 adduximus3
1180 3438 1232 3491 676

106 3531 203 3597 Nuno
226 3538 259 3596 te
282 3531 375 3596 illum
398 3531 515 3597 melius
539 3553 665 3617 capere,
687 3534 713 3596 si
737 3541 869 3616 oaptum
892 3532 1047 3596 essenis.

539 3675 803 3746 collabisous'

107 3787 218 3852 Iamne
241 3787 319 3852 itis?
365 3785 459 3867 Quid,
483 3789 572 3870 quod
594 3789 689 3853 uobis
713 3787 875 3866 mundani,
899 3785 1071 3868 hospites?

175 3991 224 4044 661
246 3990 317 4044 olam
336 4007 385 4044 om.
404 3989 433 4043 B
536 3991 594 4044 noli
613 4009 649 4044 ne
668 3992 729 4060 quis
749 3991 838 4046 sciant
855 3988 906 4044 ΒΟ
1008 3990 1059 4043 662
1077 3989 1107 4042 in
1126 3990 1232 4058 siparta

107 4076 157 4128 664
175 4075 230 4130 huo
248 4088 300 4129 om.
318 4076 354 4142 A,
373 4093 448 4130 nuno
466 4076 520 4132 Bo
615 4078 665 4130 666
687 4082 801 4145 optumo
820 4075 846 4127 A
937 4075 988 4128 666
1005 4075 1087 4127 uobis
1106 4075 1187 4128 uobis
1206 4077 1233 4130 B

108 4160 299 4216 meseconis
318 4161 352 4230 A,
374 4179 500 4216 accurres
519 4161 570 4216 Bo
637 4163 687 4216 669
705 4162 818 4230 praesibi
888 4161 939 4213 670
957 4159 993 4213 ad
1010 4175 1054 4212 me
1073 4175 1123 4214 om.
1138 4159 1164 4212 A

108 4245 259 4300 mallexero
319 4249 368 4302 671
388 4247 420 4300 Η.
440 4263 490 4301 oua
552 4247 637 4300 horta
655 4245 765 4300 mihiB
824 4247 875 4300 674
893 4245 1087 4312 Hominme
1140 4263 1191 4316 age
1206 4247 1232 4300 A

108 4331 158 4384 676
175 4347 282 4399 usqnae
300 4331 326 4383 A
395 4333 446 4386 676
464 4337 573 4387 eastum
649 4335 701 4385 677
720 4333 816 4386 nobeis
834 4331 861 4385 A
