<?xml version="1.0" encoding="UTF-8"?>
<!DOCTYPE html PUBLIC "-//W3C//DTD XHTML 1.0 Transitional//EN"
    "http://www.w3.org/TR/xhtml1/DTD/xhtml1-transitional.dtd">
<html xmlns="http://www.w3.org/1999/xhtml" xml:lang="en" lang="en">
 <head>
  <title>
</title>
<meta http-equiv="Content-Type" content="text/html;charset=utf-8" />
  <meta name='ocr-system' content='tesseract 3.04.00' />
  <meta name='ocr-capabilities' content='ocr_page ocr_carea ocr_par ocr_line ocrx_word'/>
</head>
<body>
  <div class='ocr_page' id='page_1' title='image "./tmacciiplautico01ussigoog_0198.png"; bbox 0 0 2978 5004; ppageno 0'>
   <div class='ocr_carea' id='block_1_1' title="bbox 137 479 782 548">
    <p class='ocr_par' dir='ltr' id='par_1_1' title="bbox 137 479 782 548">
     <span class='ocr_line' id='line_1_1' title="bbox 137 479 782 548; baseline 0 -16"><span class='ocrx_word' id='word_1_1' title='bbox 137 479 187 546; x_wconf 83' lang='lat' dir='ltr'>IV,</span> <span class='ocrx_word' id='word_1_2' title='bbox 206 483 229 548; x_wconf 77' lang='lat'>3,</span> <span class='ocrx_word' id='word_1_3' title='bbox 250 482 346 534; x_wconf 83' lang='lat'>10-21</span> <span class='ocrx_word' id='word_1_4' title='bbox 634 479 782 534; x_wconf 76' lang='lat' dir='ltr'><strong>Mercator.</strong></span> 
     </span>
    </p>
   </div>
   <div class='ocr_carea' id='block_1_2' title="bbox 138 668 1009 970">
    <p class='ocr_par' dir='ltr' id='par_1_2' title="bbox 138 668 1009 970">
     <span class='ocr_line' id='line_1_2' title="bbox 559 668 822 750; baseline 0.004 -17"><span class='ocrx_word' id='word_1_5' title='bbox 559 668 822 750; x_wconf 78' lang='lat' dir='ltr'>Lysimachus</span> 
     </span>
     <span class='ocr_line' id='line_1_3' title="bbox 333 776 1009 862; baseline 0.001 -22"><span class='ocrx_word' id='word_1_6' title='bbox 333 776 493 859; x_wconf 83' lang='lat' dir='ltr'><strong>Equidem</strong></span> <span class='ocrx_word' id='word_1_7' title='bbox 517 776 625 842; x_wconf 82' lang='lat' dir='ltr'>hercle</span> <span class='ocrx_word' id='word_1_8' title='bbox 648 777 767 862; x_wconf 88' lang='lat' dir='ltr'>oppido</span> <span class='ocrx_word' id='word_1_9' title='bbox 790 777 872 862; x_wconf 88' lang='lat' dir='ltr'>porii</span> <span class='ocrx_word' id='word_1_10' title='bbox 896 779 1009 858; x_wconf 80' lang='lat' dir='ltr'>miser3</span> 
     </span>
     <span class='ocr_line' id='line_1_4' title="bbox 138 884 971 970; baseline 0.001 -20"><span class='ocrx_word' id='word_1_11' title='bbox 138 884 240 950; x_wconf 80' lang='lat' dir='ltr'>Uidit</span> <span class='ocrx_word' id='word_1_12' title='bbox 286 884 330 950; x_wconf 89' lang='lat' dir='ltr'>Ut</span> <span class='ocrx_word' id='word_1_13' title='bbox 352 893 386 950; x_wconf 83' lang='lat' dir='ltr'>ta</span> <span class='ocrx_word' id='word_1_14' title='bbox 408 905 529 966; x_wconf 86' lang='lat' dir='ltr'>omncs,</span> <span class='ocrx_word' id='word_1_15' title='bbox 554 885 722 970; x_wconf 87' lang='lat' dir='ltr'>Demipho,</span> <span class='ocrx_word' id='word_1_16' title='bbox 747 885 780 950; x_wconf 91' lang='lat' dir='ltr'>di</span> <span class='ocrx_word' id='word_1_17' title='bbox 803 885 971 969; x_wconf 85' lang='lat' dir='ltr'><strong>perduint!</strong></span> 
     </span>
    </p>
   </div>
   <div class='ocr_carea' id='block_1_3' title="bbox 134 1063 944 1254">
    <p class='ocr_par' dir='ltr' id='par_1_3' title="bbox 134 1063 944 1254">
     <span class='ocr_line' id='line_1_5' title="bbox 599 1063 778 1147; baseline 0 -20"><span class='ocrx_word' id='word_1_18' title='bbox 599 1063 778 1147; x_wconf 83' lang='lat' dir='ltr'>Dorippa</span> 
     </span>
     <span class='ocr_line' id='line_1_6' title="bbox 134 1170 944 1254; baseline 0.001 -19"><span class='ocrx_word' id='word_1_19' title='bbox 134 1171 196 1236; x_wconf 93' lang='lat' dir='ltr'>Pol</span> <span class='ocrx_word' id='word_1_20' title='bbox 218 1170 279 1235; x_wconf 88' lang='lat' dir='ltr'>hoc</span> <span class='ocrx_word' id='word_1_21' title='bbox 301 1181 359 1252; x_wconf 82' lang='lat' dir='ltr'>cst,</span> <span class='ocrx_word' id='word_1_22' title='bbox 382 1173 430 1236; x_wconf 86' lang='lat' dir='ltr'>irc</span> <span class='ocrx_word' id='word_1_23' title='bbox 453 1171 543 1254; x_wconf 91' lang='lat' dir='ltr'>quod</span> <span class='ocrx_word' id='word_1_24' title='bbox 565 1193 621 1236; x_wconf 87' lang='lat' dir='ltr'>rus</span> <span class='ocrx_word' id='word_1_25' title='bbox 644 1193 735 1236; x_wconf 88' lang='lat' dir='ltr'>mous</span> <span class='ocrx_word' id='word_1_26' title='bbox 757 1173 809 1236; x_wconf 86' lang='lat' dir='ltr'>uir</span> <span class='ocrx_word' id='word_1_27' title='bbox 830 1171 944 1236; x_wconf 87' lang='lat' dir='ltr'>noluit.</span> 
     </span>
    </p>
   </div>
   <div class='ocr_carea' id='block_1_4' title="bbox 131 1347 1234 1740">
    <p class='ocr_par' dir='ltr' id='par_1_4' title="bbox 131 1347 1234 1740">
     <span class='ocr_line' id='line_1_7' title="bbox 556 1347 820 1432; baseline 0 -20"><span class='ocrx_word' id='word_1_28' title='bbox 556 1347 820 1432; x_wconf 86' lang='lat' dir='ltr'>Lysimachus</span> 
     </span>
     <span class='ocr_line' id='line_1_8' title="bbox 134 1455 1232 1540; baseline 0 -20"><span class='ocrx_word' id='word_1_29' title='bbox 134 1455 223 1534; x_wconf 87' lang='lat' dir='ltr'><strong>Quid</strong></span> <span class='ocrx_word' id='word_1_30' title='bbox 246 1477 331 1522; x_wconf 90' lang='lat' dir='ltr'>nunc</span> <span class='ocrx_word' id='word_1_31' title='bbox 354 1477 413 1537; x_wconf 83' lang='lat' dir='ltr'>ogo</span> <span class='ocrx_word' id='word_1_32' title='bbox 436 1455 565 1538; x_wconf 84' lang='lat' dir='ltr'>faciam,</span> <span class='ocrx_word' id='word_1_33' title='bbox 589 1457 650 1520; x_wconf 88' lang='lat' dir='ltr'>uisi</span> <span class='ocrx_word' id='word_1_34' title='bbox 672 1465 709 1522; x_wconf 90' lang='lat' dir='ltr'>ut</span> <span class='ocrx_word' id='word_1_35' title='bbox 728 1477 795 1521; x_wconf 85' lang='lat' dir='ltr'>cam</span> <span class='ocrx_word' id='word_1_36' title='bbox 812 1457 928 1521; x_wconf 82' lang='lat' dir='ltr'><strong>adeam</strong></span> <span class='ocrx_word' id='word_1_37' title='bbox 947 1463 1045 1540; x_wconf 83' lang='lat' dir='ltr'>atquo</span> <span class='ocrx_word' id='word_1_38' title='bbox 1063 1457 1232 1540; x_wconf 90' lang='lat' dir='ltr'>adloquar.</span> 
     </span>
     <span class='ocr_line' id='line_1_9' title="bbox 131 1565 1234 1635; baseline 0.005 -6"><span class='ocrx_word' id='word_1_39' title='bbox 131 1565 234 1630; x_wconf 81' lang='lat' dir='ltr'>Iubet</span> <span class='ocrx_word' id='word_1_40' title='bbox 255 1565 383 1630; x_wconf 83' lang='lat' dir='ltr'>saluere</span> <span class='ocrx_word' id='word_1_41' title='bbox 405 1587 484 1630; x_wconf 86' lang='lat' dir='ltr'>suus</span> <span class='ocrx_word' id='word_1_42' title='bbox 506 1565 558 1629; x_wconf 90' lang='lat' dir='ltr'>uir</span> <span class='ocrx_word' id='word_1_43' title='bbox 579 1587 715 1630; x_wconf 85' lang='lat' dir='ltr'>uxorem</span> <span class='ocrx_word' id='word_1_44' title='bbox 738 1586 837 1630; x_wconf 91' lang='lat' dir='ltr'>suam.</span> <span class='ocrx_word' id='word_1_45' title='bbox 1183 1583 1234 1635; x_wconf 79' lang='lat'>705</span> 
     </span>
     <span class='ocr_line' id='line_1_10' title="bbox 132 1672 524 1740; baseline -0.01 0"><span class='ocrx_word' id='word_1_46' title='bbox 132 1673 263 1740; x_wconf 83' lang='lat' dir='ltr'>Urbani</span> <span class='ocrx_word' id='word_1_47' title='bbox 283 1672 367 1738; x_wconf 83' lang='lat' dir='ltr'>fiunt</span> <span class='ocrx_word' id='word_1_48' title='bbox 388 1673 524 1738; x_wconf 81' lang='lat' dir='ltr'>rustici?</span> 
     </span>
    </p>
   </div>
   <div class='ocr_carea' id='block_1_5' title="bbox 131 1827 895 2129">
    <p class='ocr_par' dir='ltr' id='par_1_5' title="bbox 131 1827 895 2129">
     <span class='ocr_line' id='line_1_11' title="bbox 596 1827 777 1912; baseline 0.006 -20"><span class='ocrx_word' id='word_1_49' title='bbox 596 1827 777 1912; x_wconf 80' lang='lat' dir='ltr'>Dorippa</span> 
     </span>
     <span class='ocr_line' id='line_1_12' title="bbox 560 1935 714 2001; baseline 0 -1"><span class='ocrx_word' id='word_1_50' title='bbox 560 1935 714 2001; x_wconf 87' lang='lat' dir='ltr'>Pudicius</span> 
     </span>
     <span class='ocr_line' id='line_1_13' title="bbox 131 2043 895 2129; baseline -0.001 -19"><span class='ocrx_word' id='word_1_51' title='bbox 131 2047 276 2111; x_wconf 87' lang='lat' dir='ltr'>Faciunt</span> <span class='ocrx_word' id='word_1_52' title='bbox 298 2065 397 2129; x_wconf 89' lang='lat' dir='ltr'>quam</span> <span class='ocrx_word' id='word_1_53' title='bbox 419 2045 477 2124; x_wconf 88' lang='lat' dir='ltr'>illi,</span> <span class='ocrx_word' id='word_1_54' title='bbox 501 2045 644 2129; x_wconf 90' lang='lat' dir='ltr'>quinon</span> <span class='ocrx_word' id='word_1_55' title='bbox 667 2043 749 2110; x_wconf 89' lang='lat' dir='ltr'>fiunt</span> <span class='ocrx_word' id='word_1_56' title='bbox 771 2047 895 2113; x_wconf 80' lang='lat' dir='ltr'>rustici.</span> 
     </span>
    </p>
   </div>
   <div class='ocr_carea' id='block_1_6' title="bbox 130 2199 816 2392">
    <p class='ocr_par' dir='ltr' id='par_1_6' title="bbox 130 2199 816 2392">
     <span class='ocr_line' id='line_1_14' title="bbox 555 2199 816 2282; baseline 0 -18"><span class='ocrx_word' id='word_1_57' title='bbox 555 2199 816 2282; x_wconf 79' lang='lat' dir='ltr'>Lysimachus</span> 
     </span>
     <span class='ocr_line' id='line_1_15' title="bbox 130 2309 700 2392; baseline -0.004 -18"><span class='ocrx_word' id='word_1_58' title='bbox 130 2311 222 2374; x_wconf 85' lang='lat' dir='ltr'>Num</span> <span class='ocrx_word' id='word_1_59' title='bbox 245 2309 325 2392; x_wconf 90' lang='lat' dir='ltr'>quid</span> <span class='ocrx_word' id='word_1_60' title='bbox 348 2309 541 2392; x_wconf 83' lang='lat' dir='ltr'>delinquont</span> <span class='ocrx_word' id='word_1_61' title='bbox 562 2309 700 2374; x_wconf 79' lang='lat' dir='ltr'>rustici?</span> 
     </span>
    </p>
   </div>
   <div class='ocr_carea' id='block_1_7' title="bbox 130 2463 1179 2764">
    <p class='ocr_par' dir='ltr' id='par_1_7' title="bbox 130 2463 1179 2764">
     <span class='ocr_line' id='line_1_16' title="bbox 596 2463 772 2546; baseline -0.011 -18"><span class='ocrx_word' id='word_1_62' title='bbox 596 2463 772 2546; x_wconf 81' lang='lat' dir='ltr'>Dorippa</span> 
     </span>
     <span class='ocr_line' id='line_1_17' title="bbox 748 2571 1014 2638; baseline 0.015 -4"><span class='ocrx_word' id='word_1_63' title='bbox 748 2571 886 2637; x_wconf 80' lang='lat' dir='ltr'>Ecastor</span> <span class='ocrx_word' id='word_1_64' title='bbox 908 2573 1014 2638; x_wconf 86' lang='lat' dir='ltr'>minus</span> 
     </span>
     <span class='ocr_line' id='line_1_18' title="bbox 130 2679 1179 2764; baseline 0 -18"><span class='ocrx_word' id='word_1_65' title='bbox 130 2679 240 2757; x_wconf 89' lang='lat' dir='ltr'>Quam</span> <span class='ocrx_word' id='word_1_66' title='bbox 264 2679 391 2760; x_wconf 85' lang='lat' dir='ltr'>urbani,</span> <span class='ocrx_word' id='word_1_67' title='bbox 413 2687 447 2744; x_wconf 86' lang='lat' dir='ltr'>et</span> <span class='ocrx_word' id='word_1_68' title='bbox 469 2679 573 2746; x_wconf 83' lang='lat' dir='ltr'>multo</span> <span class='ocrx_word' id='word_1_69' title='bbox 597 2681 702 2746; x_wconf 89' lang='lat' dir='ltr'>minus</span> <span class='ocrx_word' id='word_1_70' title='bbox 724 2679 802 2745; x_wconf 90' lang='lat' dir='ltr'>mali</span> <span class='ocrx_word' id='word_1_71' title='bbox 825 2689 989 2764; x_wconf 85' lang='lat' dir='ltr'>quaerunt</span> <span class='ocrx_word' id='word_1_72' title='bbox 1012 2682 1084 2747; x_wconf 89' lang='lat' dir='ltr'>sibi.</span> <span class='ocrx_word' id='word_1_73' title='bbox 1175 2757 1179 2762; x_wconf 27' lang='lat'>¹</span> 
     </span>
    </p>
   </div>
   <div class='ocr_carea' id='block_1_8' title="bbox 128 2834 1234 3026">
    <p class='ocr_par' dir='ltr' id='par_1_8' title="bbox 128 2834 1234 3026">
     <span class='ocr_line' id='line_1_19' title="bbox 550 2834 819 2918; baseline 0.004 -19"><span class='ocrx_word' id='word_1_74' title='bbox 550 2834 819 2918; x_wconf 84' lang='lat' dir='ltr'>Lysimachus</span> 
     </span>
     <span class='ocr_line' id='line_1_20' title="bbox 128 2943 1234 3026; baseline 0.005 -17"><span class='ocrx_word' id='word_1_75' title='bbox 128 2943 220 3022; x_wconf 86' lang='lat' dir='ltr'>Quid</span> <span class='ocrx_word' id='word_1_76' title='bbox 243 2949 355 3008; x_wconf 86' lang='lat' dir='ltr'>autem</span> <span class='ocrx_word' id='word_1_77' title='bbox 377 2943 496 3009; x_wconf 90' lang='lat' dir='ltr'>urbani</span> <span class='ocrx_word' id='word_1_78' title='bbox 518 2943 749 3026; x_wconf 83' lang='lat' dir='ltr'>deliquerunt?</span> <span class='ocrx_word' id='word_1_79' title='bbox 784 2943 836 3008; x_wconf 92' lang='lat' dir='ltr'>dic</span> <span class='ocrx_word' id='word_1_80' title='bbox 858 2943 947 3008; x_wconf 91' lang='lat' dir='ltr'>mihi.</span> <span class='ocrx_word' id='word_1_81' title='bbox 1180 2963 1234 3014; x_wconf 76' lang='lat'>&#39;110</span> 
     </span>
    </p>
   </div>
   <div class='ocr_carea' id='block_1_9' title="bbox 124 3098 776 3308">
    <p class='ocr_par' dir='ltr' id='par_1_9' title="bbox 124 3098 776 3308">
     <span class='ocr_line' id='line_1_21' title="bbox 597 3098 776 3182; baseline 0 -20"><span class='ocrx_word' id='word_1_82' title='bbox 597 3098 776 3182; x_wconf 86' lang='lat' dir='ltr'>Dorippa</span> 
     </span>
     <span class='ocr_line' id='line_1_22' title="bbox 124 3205 606 3308; baseline -0.004 -36"><span class='ocrx_word' id='word_1_83' title='bbox 124 3205 240 3284; x_wconf 82' lang='lat' dir='ltr'>Quoia</span> <span class='ocrx_word' id='word_1_84' title='bbox 263 3205 325 3308; x_wconf 78' lang='lat' dir='ltr'>illa</span> <span class='ocrx_word' id='word_1_85' title='bbox 342 3207 457 3272; x_wconf 84' lang='lat' dir='ltr'>mulier</span> <span class='ocrx_word' id='word_1_86' title='bbox 479 3207 606 3272; x_wconf 80' lang='lat' dir='ltr'>intust?</span> 
     </span>
    </p>
   </div>
   <div class='ocr_carea' id='block_1_10' title="bbox 555 3321 927 3534">
    <p class='ocr_par' dir='ltr' id='par_1_10' title="bbox 555 3321 927 3534">
     <span class='ocr_line' id='line_1_23' title="bbox 555 3321 818 3445; baseline 0 -21"><span class='ocrx_word' id='word_1_87' title='bbox 555 3321 818 3445; x_wconf 82' lang='lat' dir='ltr'>Lysimachus</span> 
     </span>
     <span class='ocr_line' id='line_1_24' title="bbox 646 3468 927 3534; baseline -0.011 0"><span class='ocrx_word' id='word_1_88' title='bbox 646 3468 811 3534; x_wconf 87' lang='lat' dir='ltr'>Uidistino</span> <span class='ocrx_word' id='word_1_89' title='bbox 834 3469 927 3533; x_wconf 82' lang='lat' dir='ltr'>cam?</span> 
     </span>
    </p>
   </div>
   <div class='ocr_carea' id='block_1_11' title="bbox 595 3621 776 3707">
    <p class='ocr_par' dir='ltr' id='par_1_11' title="bbox 595 3621 776 3707">
     <span class='ocr_line' id='line_1_25' title="bbox 595 3621 776 3707; baseline 0 -20"><span class='ocrx_word' id='word_1_90' title='bbox 595 3621 776 3707; x_wconf 91' lang='lat' dir='ltr'>Dorippa</span> 
     </span>
    </p>
   </div>
   <div class='ocr_carea' id='block_1_12' title="bbox 266 3849 817 4044">
    <p class='ocr_par' dir='ltr' id='par_1_12' title="bbox 266 3849 817 4044">
     <span class='ocr_line' id='line_1_26' title="bbox 552 3849 817 3936; baseline -0.008 -20"><span class='ocrx_word' id='word_1_91' title='bbox 552 3849 817 3936; x_wconf 85' lang='lat' dir='ltr'>Lysimachus</span> 
     </span>
     <span class='ocr_line' id='line_1_27' title="bbox 266 3957 677 4044; baseline 0.005 -22"><span class='ocrx_word' id='word_1_92' title='bbox 266 3957 370 4034; x_wconf 83' lang='lat' dir='ltr'>Quoia</span> <span class='ocrx_word' id='word_1_93' title='bbox 392 3980 431 4024; x_wconf 87' lang='lat' dir='ltr'>oa</span> <span class='ocrx_word' id='word_1_94' title='bbox 454 3960 507 4040; x_wconf 85' lang='lat' dir='ltr'>sit,</span> <span class='ocrx_word' id='word_1_95' title='bbox 528 3961 677 4044; x_wconf 82' lang='lat' dir='ltr'>rogitas?</span> 
     </span>
    </p>
   </div>
   <div class='ocr_carea' id='block_1_13' title="bbox 124 4196 1233 4432">
    <p class='ocr_par' dir='ltr' id='par_1_13' title="bbox 124 4196 1233 4432">
     <span class='ocr_line' id='line_1_28' title="bbox 200 4196 1161 4268; baseline 0.004 -18"><span class='ocrx_word' id='word_1_96' title='bbox 200 4199 255 4250; x_wconf 80' lang='lat'>702</span> <span class='ocrx_word' id='word_1_97' title='bbox 274 4203 303 4249; x_wconf 88' lang='lat' dir='ltr'>tc</span> <span class='ocrx_word' id='word_1_98' title='bbox 320 4213 368 4250; x_wconf 87' lang='lat' dir='ltr'>om.</span> <span class='ocrx_word' id='word_1_99' title='bbox 387 4196 415 4250; x_wconf 92' lang='lat' dir='ltr'><em>B</em></span> <span class='ocrx_word' id='word_1_100' title='bbox 482 4197 607 4266; x_wconf 80' lang='lat' dir='ltr'>perdunt</span> <span class='ocrx_word' id='word_1_101' title='bbox 624 4197 659 4265; x_wconf 89' lang='grc' dir='ltr'>Β,</span> <span class='ocrx_word' id='word_1_102' title='bbox 678 4199 810 4268; x_wconf 83' lang='lat' dir='ltr'>perdiunt</span> <span class='ocrx_word' id='word_1_103' title='bbox 829 4199 851 4253; x_wconf 86' lang='lat'><em>0</em></span> <span class='ocrx_word' id='word_1_104' title='bbox 922 4203 972 4254; x_wconf 78' lang='lat'>703</span> <span class='ocrx_word' id='word_1_105' title='bbox 990 4199 1046 4254; x_wconf 91' lang='lat' dir='ltr'>DO.</span> <span class='ocrx_word' id='word_1_106' title='bbox 1066 4215 1115 4254; x_wconf 88' lang='lat' dir='ltr'>om.</span> <span class='ocrx_word' id='word_1_107' title='bbox 1134 4201 1161 4254; x_wconf 94' lang='lat' dir='ltr'><em>B</em></span> 
     </span>
     <span class='ocr_line' id='line_1_29' title="bbox 124 4280 1233 4432; baseline 0.008 -99"><span class='ocrx_word' id='word_1_108' title='bbox 124 4286 180 4420; x_wconf 50' lang='lat' dir='ltr'>gp}</span> <span class='ocrx_word' id='word_1_109' title='bbox 200 4280 329 4432; x_wconf 43' lang='lat' dir='ltr'>affigam.</span> <span class='ocrx_word' id='word_1_110' title='bbox 347 4280 375 4334; x_wconf 92' lang='lat' dir='ltr'><em>B</em></span> <span class='ocrx_word' id='word_1_111' title='bbox 465 4299 525 4336; x_wconf 84' lang='lat' dir='ltr'>eam</span> <span class='ocrx_word' id='word_1_112' title='bbox 543 4301 593 4338; x_wconf 88' lang='lat' dir='ltr'>om.</span> <span class='ocrx_word' id='word_1_113' title='bbox 687 4286 738 4337; x_wconf 77' lang='lat'>705</span> <span class='ocrx_word' id='word_1_114' title='bbox 757 4286 864 4338; x_wconf 82' lang='lat' dir='ltr'>calcare</span> <span class='ocrx_word' id='word_1_115' title='bbox 882 4283 910 4338; x_wconf 90' lang='lat' dir='ltr'><em>B</em></span> <span class='ocrx_word' id='word_1_116' title='bbox 996 4289 1046 4339; x_wconf 78' lang='lat'>708</span> <span class='ocrx_word' id='word_1_117' title='bbox 1066 4287 1233 4355; x_wconf 65' lang='lat' dir='ltr'>uunquid&amp;</span> 
     </span>
    </p>
   </div>
   <div class='ocr_carea' id='block_1_14' title="bbox 0 0 1494 5004">
    <p class='ocr_par' dir='ltr' id='par_1_14' title="bbox 0 0 1494 5004">
     <span class='ocr_line' id='line_1_30' title="bbox 0 0 1494 5004; baseline 0 1"><span class='ocrx_word' id='word_1_118' title='bbox 0 0 1494 5004; x_wconf 95' lang='lat' dir='ltr'> </span> 
     </span>
    </p>
   </div>
  </div>
 </body>
</html>
