<?xml version="1.0" encoding="UTF-8"?>
<!DOCTYPE html PUBLIC "-//W3C//DTD XHTML 1.0 Transitional//EN"
    "http://www.w3.org/TR/xhtml1/DTD/xhtml1-transitional.dtd">
<html xmlns="http://www.w3.org/1999/xhtml" xml:lang="en" lang="en">
 <head>
  <title>
</title>
<meta http-equiv="Content-Type" content="text/html;charset=utf-8" />
  <meta name='ocr-system' content='tesseract 3.04.00' />
  <meta name='ocr-capabilities' content='ocr_page ocr_carea ocr_par ocr_line ocrx_word'/>
</head>
<body>
  <div class='ocr_page' id='page_1' title='image "./tmacciiplautico01ussigoog_0355.png"; bbox 0 0 2940 5008; ppageno 0'>
   <div class='ocr_carea' id='block_1_1' title="bbox 307 475 932 542">
    <p class='ocr_par' dir='ltr' id='par_1_1' title="bbox 307 475 932 542">
     <span class='ocr_line' id='line_1_1' title="bbox 307 475 932 542; baseline -0.002 -11"><span class='ocrx_word' id='word_1_1' title='bbox 307 481 368 542; x_wconf 81' lang='grc'>346</span> <span class='ocrx_word' id='word_1_2' title='bbox 786 475 932 531; x_wconf 74' lang='lat' dir='ltr'><strong>Mercator.</strong></span> 
     </span>
    </p>
   </div>
   <div class='ocr_carea' id='block_1_2' title="bbox 301 665 1452 3202">
    <p class='ocr_par' dir='ltr' id='par_1_2' title="bbox 303 665 1394 1767">
     <span class='ocr_line' id='line_1_2' title="bbox 305 665 1393 748; baseline 0 -20"><span class='ocrx_word' id='word_1_3' title='bbox 305 669 398 748; x_wconf 87' lang='lat' dir='ltr'>Gepp.</span> <span class='ocrx_word' id='word_1_4' title='bbox 418 671 501 730; x_wconf 87' lang='lat' dir='ltr'>Stud.</span> <span class='ocrx_word' id='word_1_5' title='bbox 515 670 542 728; x_wconf 90' lang='lat'>11</span> <span class='ocrx_word' id='word_1_6' title='bbox 560 692 588 748; x_wconf 87' lang='lat' dir='ltr'>p.</span> <span class='ocrx_word' id='word_1_7' title='bbox 603 673 657 728; x_wconf 85' lang='lat'>90:</span> <span class='ocrx_word' id='word_1_8' title='bbox 684 670 772 742; x_wconf 84' lang='lat' dir='ltr'>„hinc</span> <span class='ocrx_word' id='word_1_9' title='bbox 787 691 834 730; x_wconf 89' lang='lat' dir='ltr'>me</span> <span class='ocrx_word' id='word_1_10' title='bbox 853 674 914 730; x_wconf 88' lang='lat' dir='ltr'>sire</span> <span class='ocrx_word' id='word_1_11' title='bbox 929 667 1012 730; x_wconf 87' lang='lat' dir='ltr'>uiu“.</span> <span class='ocrx_word' id='word_1_12' title='bbox 1030 701 1072 712; x_wconf 95' lang='lat'><em>-</em></span> <span class='ocrx_word' id='word_1_13' title='bbox 1088 665 1245 743; x_wconf 54' lang='lat' dir='ltr'>Accitur,</span> <span class='ocrx_word' id='word_1_14' title='bbox 1263 673 1298 729; x_wconf 86' lang='lat' dir='ltr'>cf.</span> <span class='ocrx_word' id='word_1_15' title='bbox 1317 672 1393 730; x_wconf 88' lang='lat' dir='ltr'>Trin.</span> 
     </span>
     <span class='ocr_line' id='line_1_3' title="bbox 305 768 1394 851; baseline -0.002 -19"><span class='ocrx_word' id='word_1_16' title='bbox 305 775 376 832; x_wconf 87' lang='grc'><strong>580.</strong></span> <span class='ocrx_word' id='word_1_17' title='bbox 406 773 524 832; x_wconf 88' lang='lat' dir='ltr'>Trucnl.</span> <span class='ocrx_word' id='word_1_18' title='bbox 539 776 614 832; x_wconf 84' lang='lat'>655:</span> <span class='ocrx_word' id='word_1_19' title='bbox 643 773 786 842; x_wconf 83' lang='lat' dir='ltr'>„Ibitnr“.</span> <span class='ocrx_word' id='word_1_20' title='bbox 799 803 842 814; x_wconf 90' lang='lat'>—</span> <span class='ocrx_word' id='word_1_21' title='bbox 855 776 925 832; x_wconf 86' lang='grc'><strong>788.</strong></span> <span class='ocrx_word' id='word_1_22' title='bbox 944 768 1113 846; x_wconf 67' lang='grc' dir='ltr'>Βναῡὴηια,</span> <span class='ocrx_word' id='word_1_23' title='bbox 1132 775 1221 832; x_wconf 79' lang='lat' dir='ltr'>solito</span> <span class='ocrx_word' id='word_1_24' title='bbox 1238 793 1394 851; x_wconf 87' lang='lat' dir='ltr'>coquorum</span> 
     </span>
     <span class='ocr_line' id='line_1_4' title="bbox 305 870 1393 952; baseline 0 -20"><span class='ocrx_word' id='word_1_25' title='bbox 305 875 471 952; x_wconf 81' lang='lat' dir='ltr'>vulgarium</span> <span class='ocrx_word' id='word_1_26' title='bbox 493 897 614 946; x_wconf 79' lang='lat' dir='ltr'>merces,</span> <span class='ocrx_word' id='word_1_27' title='bbox 638 875 746 934; x_wconf 84' lang='lat' dir='ltr'>Pseud.</span> <span class='ocrx_word' id='word_1_28' title='bbox 773 878 842 934; x_wconf 92' lang='grc'><strong>811.</strong></span> <span class='ocrx_word' id='word_1_29' title='bbox 866 905 907 916; x_wconf 87' lang='grc'>--</span> <span class='ocrx_word' id='word_1_30' title='bbox 933 878 1003 934; x_wconf 89' lang='grc'><strong>787.</strong></span> <span class='ocrx_word' id='word_1_31' title='bbox 1028 870 1111 936; x_wconf 80' lang='lat' dir='ltr'><em>Dan&#39;</em></span> <span class='ocrx_word' id='word_1_32' title='bbox 1132 878 1190 936; x_wconf 86' lang='lat' dir='ltr'>del.</span> <span class='ocrx_word' id='word_1_33' title='bbox 1215 877 1335 948; x_wconf 78' lang='lat' dir='ltr'>Parcus,</span> <span class='ocrx_word' id='word_1_34' title='bbox 1361 876 1393 933; x_wconf 88' lang='lat' dir='ltr'>R.</span> 
     </span>
     <span class='ocr_line' id='line_1_5' title="bbox 304 979 1393 1057; baseline -0.002 -20"><span class='ocrx_word' id='word_1_35' title='bbox 304 1009 346 1018; x_wconf 93' lang='lat'><em>-</em></span> <span class='ocrx_word' id='word_1_36' title='bbox 364 979 495 1054; x_wconf 74' lang='lat' dir='ltr'>ponunt,</span> <span class='ocrx_word' id='word_1_37' title='bbox 518 999 558 1037; x_wconf 86' lang='lat' dir='ltr'>sc.</span> <span class='ocrx_word' id='word_1_38' title='bbox 581 981 713 1056; x_wconf 79' lang='lat' dir='ltr'>opsonia,</span> <span class='ocrx_word' id='word_1_39' title='bbox 738 999 764 1036; x_wconf 90' lang='lat' dir='ltr'>v.</span> <span class='ocrx_word' id='word_1_40' title='bbox 785 981 855 1038; x_wconf 84' lang='grc'><strong>769.</strong></span> <span class='ocrx_word' id='word_1_41' title='bbox 879 1009 921 1020; x_wconf 95' lang='grc'>-</span> <span class='ocrx_word' id='word_1_42' title='bbox 945 981 1014 1036; x_wconf 88' lang='grc'><strong>779.</strong></span> <span class='ocrx_word' id='word_1_43' title='bbox 1037 993 1125 1048; x_wconf 70' lang='lat' dir='ltr'>uasa,</span> <span class='ocrx_word' id='word_1_44' title='bbox 1149 979 1256 1056; x_wconf 87' lang='lat' dir='ltr'>quibus</span> <span class='ocrx_word' id='word_1_45' title='bbox 1276 981 1393 1057; x_wconf 75' lang='lat' dir='ltr'>opsonia</span> 
     </span>
     <span class='ocr_line' id='line_1_6' title="bbox 304 1080 1391 1160; baseline -0.002 -21"><span class='ocrx_word' id='word_1_46' title='bbox 304 1089 507 1160; x_wconf 78' lang='lat' dir='ltr'>portaverant.</span> <span class='ocrx_word' id='word_1_47' title='bbox 542 1111 584 1121; x_wconf 97' lang='lat'>—</span> <span class='ocrx_word' id='word_1_48' title='bbox 616 1095 698 1138; x_wconf 67' lang='lat' dir='ltr'>mos).</span> <span class='ocrx_word' id='word_1_49' title='bbox 743 1081 831 1139; x_wconf 91' lang='lat' dir='ltr'>Both.</span> <span class='ocrx_word' id='word_1_50' title='bbox 858 1080 965 1155; x_wconf 85' lang='lat' dir='ltr'>„uox“,</span> <span class='ocrx_word' id='word_1_51' title='bbox 989 1089 1022 1138; x_wconf 89' lang='lat' dir='ltr'>ut</span> <span class='ocrx_word' id='word_1_52' title='bbox 1044 1083 1126 1140; x_wconf 82' lang='lat' dir='ltr'>Asin.</span> <span class='ocrx_word' id='word_1_53' title='bbox 1152 1085 1222 1140; x_wconf 89' lang='grc'><strong>590.</strong></span> <span class='ocrx_word' id='word_1_54' title='bbox 1255 1111 1294 1122; x_wconf 87' lang='lat'><em>-</em></span> <span class='ocrx_word' id='word_1_55' title='bbox 1327 1084 1391 1138; x_wconf 92' lang='grc'><strong>771.</strong></span> 
     </span>
     <span class='ocr_line' id='line_1_7' title="bbox 304 1177 1390 1261; baseline -0.003 -18"><span class='ocrx_word' id='word_1_56' title='bbox 304 1177 529 1260; x_wconf 78' lang='lat' dir='ltr'>Sequiminin?</span> <span class='ocrx_word' id='word_1_57' title='bbox 561 1184 679 1261; x_wconf 77' lang='lat' dir='ltr'>proetuli</span> <span class='ocrx_word' id='word_1_58' title='bbox 708 1189 742 1242; x_wconf 88' lang='lat' dir='ltr'>nt</span> <span class='ocrx_word' id='word_1_59' title='bbox 770 1185 866 1242; x_wconf 87' lang='lat' dir='ltr'>minus</span> <span class='ocrx_word' id='word_1_60' title='bbox 894 1185 1051 1256; x_wconf 78' lang='lat' dir='ltr'>nsitntnm3</span> <span class='ocrx_word' id='word_1_61' title='bbox 1082 1185 1171 1258; x_wconf 80' lang='lat' dir='ltr'>vulgo</span> <span class='ocrx_word' id='word_1_62' title='bbox 1196 1183 1390 1261; x_wconf 70' lang='lat' dir='ltr'>„sequimini‘</span> 
     </span>
     <span class='ocr_line' id='line_1_8' title="bbox 303 1279 1389 1362; baseline -0.003 -18"><span class='ocrx_word' id='word_1_63' title='bbox 303 1286 410 1344; x_wconf 83' lang='lat' dir='ltr'>editur.</span> <span class='ocrx_word' id='word_1_64' title='bbox 436 1315 473 1326; x_wconf 98' lang='lat'>-</span> <span class='ocrx_word' id='word_1_65' title='bbox 499 1279 646 1344; x_wconf 72' lang='lat' dir='ltr'><strong><em>Fortasse</em></strong></span> <span class='ocrx_word' id='word_1_66' title='bbox 669 1285 748 1362; x_wconf 78' lang='lat' dir='ltr'>apud</span> <span class='ocrx_word' id='word_1_67' title='bbox 771 1285 909 1344; x_wconf 79' lang='lat' dir='ltr'>Plautum</span> <span class='ocrx_word' id='word_1_68' title='bbox 933 1305 999 1344; x_wconf 88' lang='lat' dir='ltr'>cum</span> <span class='ocrx_word' id='word_1_69' title='bbox 1022 1307 1116 1345; x_wconf 84' lang='lat' dir='ltr'>secus.</span> <span class='ocrx_word' id='word_1_70' title='bbox 1136 1307 1161 1345; x_wconf 89' lang='lat' dir='ltr'>o.</span> <span class='ocrx_word' id='word_1_71' title='bbox 1181 1287 1232 1345; x_wconf 85' lang='lat' dir='ltr'>inf.</span> <span class='ocrx_word' id='word_1_72' title='bbox 1256 1287 1389 1362; x_wconf 81' lang='lat' dir='ltr'>iungitur,</span> 
     </span>
     <span class='ocr_line' id='line_1_9' title="bbox 303 1385 1390 1465; baseline -0.002 -19"><span class='ocrx_word' id='word_1_73' title='bbox 303 1409 330 1446; x_wconf 82' lang='lat' dir='ltr'>v.</span> <span class='ocrx_word' id='word_1_74' title='bbox 354 1389 392 1448; x_wconf 84' lang='lat' dir='ltr'>cd</span> <span class='ocrx_word' id='word_1_75' title='bbox 422 1389 528 1465; x_wconf 80' lang='lat' dir='ltr'>Amph.</span> <span class='ocrx_word' id='word_1_76' title='bbox 553 1389 624 1446; x_wconf 83' lang='lat'><strong>615.</strong></span> <span class='ocrx_word' id='word_1_77' title='bbox 670 1387 777 1446; x_wconf 77' lang='lat' dir='ltr'>Versus</span> <span class='ocrx_word' id='word_1_78' title='bbox 811 1409 898 1446; x_wconf 82' lang='lat' dir='ltr'>csuss</span> <span class='ocrx_word' id='word_1_79' title='bbox 935 1385 1000 1454; x_wconf 77' lang='lat' dir='ltr'>„te“</span> <span class='ocrx_word' id='word_1_80' title='bbox 1033 1388 1089 1446; x_wconf 88' lang='lat' dir='ltr'>del.</span> <span class='ocrx_word' id='word_1_81' title='bbox 1123 1388 1247 1448; x_wconf 83' lang='lat' dir='ltr'>Guietus</span> <span class='ocrx_word' id='word_1_82' title='bbox 1279 1395 1314 1446; x_wconf 90' lang='lat' dir='ltr'>ut</span> <span class='ocrx_word' id='word_1_83' title='bbox 1344 1389 1390 1444; x_wconf 90' lang='lat' dir='ltr'>illo</span> 
     </span>
     <span class='ocr_line' id='line_1_10' title="bbox 304 1486 1387 1568; baseline -0.001 -20"><span class='ocrx_word' id='word_1_84' title='bbox 304 1491 369 1549; x_wconf 90' lang='lat' dir='ltr'>loco</span> <span class='ocrx_word' id='word_1_85' title='bbox 397 1497 426 1548; x_wconf 86' lang='lat' dir='ltr'>et</span> <span class='ocrx_word' id='word_1_86' title='bbox 454 1491 544 1548; x_wconf 87' lang='lat' dir='ltr'>Poen.</span> <span class='ocrx_word' id='word_1_87' title='bbox 571 1492 661 1549; x_wconf 80' lang='lat'><strong>1007.</strong></span> <span class='ocrx_word' id='word_1_88' title='bbox 687 1519 724 1532; x_wconf 93' lang='lat'>-</span> <span class='ocrx_word' id='word_1_89' title='bbox 751 1493 820 1548; x_wconf 78' lang='lat'><strong>772.</strong></span> <span class='ocrx_word' id='word_1_90' title='bbox 844 1487 881 1549; x_wconf 78' lang='lat' dir='ltr'>id</span> <span class='ocrx_word' id='word_1_91' title='bbox 908 1486 992 1566; x_wconf 76' lang='lat' dir='ltr'>quod</span> <span class='ocrx_word' id='word_1_92' title='bbox 1019 1489 1151 1550; x_wconf 87' lang='lat' dir='ltr'>Studem.</span> <span class='ocrx_word' id='word_1_93' title='bbox 1175 1490 1258 1550; x_wconf 84' lang='lat' dir='ltr'>Stnd.</span> <span class='ocrx_word' id='word_1_94' title='bbox 1282 1511 1311 1568; x_wconf 91' lang='lat' dir='ltr'>p.</span> <span class='ocrx_word' id='word_1_95' title='bbox 1335 1492 1387 1548; x_wconf 78' lang='lat'>245</span> 
     </span>
     <span class='ocr_line' id='line_1_11' title="bbox 303 1587 1388 1671; baseline -0.001 -20"><span class='ocrx_word' id='word_1_96' title='bbox 303 1599 333 1651; x_wconf 90' lang='lat' dir='ltr'>et</span> <span class='ocrx_word' id='word_1_97' title='bbox 355 1593 448 1671; x_wconf 84' lang='lat' dir='ltr'>Gepp.</span> <span class='ocrx_word' id='word_1_98' title='bbox 473 1593 558 1652; x_wconf 86' lang='lat' dir='ltr'>Stnd.</span> <span class='ocrx_word' id='word_1_99' title='bbox 581 1591 610 1650; x_wconf 90' lang='lat' dir='ltr'>II</span> <span class='ocrx_word' id='word_1_100' title='bbox 633 1613 662 1669; x_wconf 93' lang='lat' dir='ltr'>p.</span> <span class='ocrx_word' id='word_1_101' title='bbox 687 1595 736 1651; x_wconf 83' lang='lat'>94.</span> <span class='ocrx_word' id='word_1_102' title='bbox 761 1623 801 1633; x_wconf 95' lang='lat'>-</span> <span class='ocrx_word' id='word_1_103' title='bbox 826 1595 896 1652; x_wconf 82' lang='lat'><strong>775.</strong></span> <span class='ocrx_word' id='word_1_104' title='bbox 921 1587 1128 1666; x_wconf 75' lang='lat' dir='ltr'>obductarier‚</span> <span class='ocrx_word' id='word_1_105' title='bbox 1157 1593 1194 1652; x_wconf 93' lang='lat' dir='ltr'>ob</span> <span class='ocrx_word' id='word_1_106' title='bbox 1224 1595 1323 1652; x_wconf 86' lang='lat' dir='ltr'>oculos</span> <span class='ocrx_word' id='word_1_107' title='bbox 1344 1591 1388 1650; x_wconf 84' lang='lat' dir='ltr'>sd·</span> 
     </span>
     <span class='ocr_line' id='line_1_12' title="bbox 304 1689 1034 1767; baseline 0.003 -15"><span class='ocrx_word' id='word_1_108' title='bbox 304 1697 379 1767; x_wconf 86' lang='lat' dir='ltr'>duci,</span> <span class='ocrx_word' id='word_1_109' title='bbox 404 1703 437 1753; x_wconf 91' lang='lat' dir='ltr'>ut</span> <span class='ocrx_word' id='word_1_110' title='bbox 460 1702 505 1754; x_wconf 87' lang='lat' dir='ltr'>est</span> <span class='ocrx_word' id='word_1_111' title='bbox 528 1697 598 1754; x_wconf 80' lang='lat'><strong>912.</strong></span> <span class='ocrx_word' id='word_1_112' title='bbox 623 1725 664 1736; x_wconf 91' lang='lat'>-</span> <span class='ocrx_word' id='word_1_113' title='bbox 688 1697 758 1753; x_wconf 91' lang='grc'><strong>777.</strong></span> <span class='ocrx_word' id='word_1_114' title='bbox 782 1689 841 1754; x_wconf 75' lang='lat' dir='ltr'>huc</span> <span class='ocrx_word' id='word_1_115' title='bbox 864 1695 930 1754; x_wconf 80' lang='lat' dir='ltr'>odd.</span> <span class='ocrx_word' id='word_1_116' title='bbox 955 1695 1034 1754; x_wconf 78' lang='lat' dir='ltr'>Cam.</span> 
     </span>
    </p>

    <p class='ocr_par' dir='ltr' id='par_1_3' title="bbox 301 1791 1452 3215">
     <span class='ocr_line' id='line_1_13' title="bbox 390 1791 1388 1876; baseline 0.002 -22"><span class='ocrx_word' id='word_1_117' title='bbox 390 1799 459 1856; x_wconf 84' lang='grc'><strong>789.</strong></span> <span class='ocrx_word' id='word_1_118' title='bbox 484 1813 554 1856; x_wconf 79' lang='lat' dir='ltr'>cum</span> <span class='ocrx_word' id='word_1_119' title='bbox 575 1791 640 1870; x_wconf 79' lang='lat' dir='ltr'>illa,</span> <span class='ocrx_word' id='word_1_120' title='bbox 665 1817 705 1856; x_wconf 87' lang='lat' dir='ltr'>sc.</span> <span class='ocrx_word' id='word_1_121' title='bbox 730 1801 773 1854; x_wconf 88' lang='lat' dir='ltr'>rei</span> <span class='ocrx_word' id='word_1_122' title='bbox 797 1797 944 1857; x_wconf 78' lang='lat' dir='ltr'>habuisse.</span> <span class='ocrx_word' id='word_1_123' title='bbox 978 1797 1150 1858; x_wconf 78' lang='lat' dir='ltr'>Orationem</span> <span class='ocrx_word' id='word_1_124' title='bbox 1173 1799 1331 1876; x_wconf 76' lang='lat' dir='ltr'><strong>abrumpit.</strong></span> <span class='ocrx_word' id='word_1_125' title='bbox 1353 1823 1388 1836; x_wconf 92' lang='grc'>-·</span> 
     </span>
     <span class='ocr_line' id='line_1_14' title="bbox 305 1894 1388 1976; baseline -0.001 -19"><span class='ocrx_word' id='word_1_126' title='bbox 305 1902 373 1958; x_wconf 92' lang='grc'><strong>781.</strong></span> <span class='ocrx_word' id='word_1_127' title='bbox 397 1894 478 1972; x_wconf 76' lang='lat' dir='ltr'>haec,</span> <span class='ocrx_word' id='word_1_128' title='bbox 509 1919 599 1972; x_wconf 76' lang='lat' dir='ltr'>uxor3</span> <span class='ocrx_word' id='word_1_129' title='bbox 633 1919 667 1957; x_wconf 86' lang='lat' dir='ltr'>es</span> <span class='ocrx_word' id='word_1_130' title='bbox 695 1919 811 1976; x_wconf 89' lang='lat' dir='ltr'>quoque</span> <span class='ocrx_word' id='word_1_131' title='bbox 840 1902 909 1958; x_wconf 80' lang='lat' dir='ltr'>obit.</span> <span class='ocrx_word' id='word_1_132' title='bbox 933 1929 975 1940; x_wconf 95' lang='lat'>—</span> <span class='ocrx_word' id='word_1_133' title='bbox 1000 1901 1069 1958; x_wconf 76' lang='lat'>782.</span> <span class='ocrx_word' id='word_1_134' title='bbox 1092 1897 1250 1975; x_wconf 73' lang='lat' dir='ltr'><strong><em>perduint</em></strong></span> <span class='ocrx_word' id='word_1_135' title='bbox 1269 1901 1330 1976; x_wconf 84' lang='lat' dir='ltr'><strong>Pyl.</strong></span> <span class='ocrx_word' id='word_1_136' title='bbox 1353 1927 1388 1938; x_wconf 92' lang='lat'>-</span> 
     </span>
     <span class='ocr_line' id='line_1_15' title="bbox 304 1996 1387 2078; baseline -0.003 -19"><span class='ocrx_word' id='word_1_137' title='bbox 304 2003 374 2059; x_wconf 89' lang='grc'><strong>783.</strong></span> <span class='ocrx_word' id='word_1_138' title='bbox 397 2001 469 2059; x_wconf 82' lang='lat' dir='ltr'>Post</span> <span class='ocrx_word' id='word_1_139' title='bbox 492 2001 546 2060; x_wconf 77' lang='lat' dir='ltr'>tua</span> <span class='ocrx_word' id='word_1_140' title='bbox 569 2002 678 2072; x_wconf 80' lang='lat' dir='ltr'>hiatus,</span> <span class='ocrx_word' id='word_1_141' title='bbox 702 2021 729 2058; x_wconf 81' lang='lat' dir='ltr'>r.</span> <span class='ocrx_word' id='word_1_142' title='bbox 750 2001 865 2075; x_wconf 79' lang='lat' dir='ltr'>Proleg.</span> <span class='ocrx_word' id='word_1_143' title='bbox 890 2021 919 2078; x_wconf 90' lang='lat' dir='ltr'>p.</span> <span class='ocrx_word' id='word_1_144' title='bbox 934 2004 1004 2060; x_wconf 79' lang='lat'><strong>224.</strong></span> <span class='ocrx_word' id='word_1_145' title='bbox 1027 2031 1070 2044; x_wconf 91' lang='lat'><em>-</em></span> <span class='ocrx_word' id='word_1_146' title='bbox 1094 2005 1163 2060; x_wconf 91' lang='grc'><strong>785.</strong></span> <span class='ocrx_word' id='word_1_147' title='bbox 1189 1997 1279 2060; x_wconf 82' lang='lat' dir='ltr'>domo</span> <span class='ocrx_word' id='word_1_148' title='bbox 1300 1996 1387 2060; x_wconf 79' lang='lat' dir='ltr'>mist</span> 
     </span>
     <span class='ocr_line' id='line_1_16' title="bbox 302 2103 1386 2181; baseline -0.002 -19"><span class='ocrx_word' id='word_1_149' title='bbox 302 2119 478 2162; x_wconf 69' lang='lat' dir='ltr'>acerrumas</span> <span class='ocrx_word' id='word_1_150' title='bbox 500 2105 614 2180; x_wconf 77' lang='lat' dir='ltr'>scripsi.</span> <span class='ocrx_word' id='word_1_151' title='bbox 649 2103 777 2162; x_wconf 82' lang='lat' dir='ltr'><strong>Uxorem</strong></span> <span class='ocrx_word' id='word_1_152' title='bbox 801 2107 851 2176; x_wconf 84' lang='lat' dir='ltr'>sit,</span> <span class='ocrx_word' id='word_1_153' title='bbox 874 2105 955 2180; x_wconf 90' lang='lat' dir='ltr'>quod</span> <span class='ocrx_word' id='word_1_154' title='bbox 976 2111 1092 2181; x_wconf 76' lang='lat' dir='ltr'>putrem</span> <span class='ocrx_word' id='word_1_155' title='bbox 1117 2113 1287 2177; x_wconf 77' lang='lat' dir='ltr'>arcesseret,</span> <span class='ocrx_word' id='word_1_156' title='bbox 1310 2104 1386 2161; x_wconf 90' lang='lat' dir='ltr'>domo</span> 
     </span>
     <span class='ocr_line' id='line_1_17' title="bbox 302 2205 1384 2282; baseline -0.002 -18"><span class='ocrx_word' id='word_1_157' title='bbox 302 2227 355 2264; x_wconf 83' lang='lat' dir='ltr'>sus</span> <span class='ocrx_word' id='word_1_158' title='bbox 383 2207 481 2264; x_wconf 85' lang='lat' dir='ltr'>hostes</span> <span class='ocrx_word' id='word_1_159' title='bbox 503 2205 560 2264; x_wconf 88' lang='lat' dir='ltr'>sihi</span> <span class='ocrx_word' id='word_1_160' title='bbox 582 2207 751 2264; x_wconf 82' lang='lat' dir='ltr'>concivisse.</span> <span class='ocrx_word' id='word_1_161' title='bbox 796 2221 877 2266; x_wconf 72' lang='lat' dir='ltr'>uxor</span> <span class='ocrx_word' id='word_1_162' title='bbox 899 2208 1005 2265; x_wconf 79' lang='lat' dir='ltr'>ultime</span> <span class='ocrx_word' id='word_1_163' title='bbox 1028 2208 1125 2281; x_wconf 78' lang='lat' dir='ltr'>longa,</span> <span class='ocrx_word' id='word_1_164' title='bbox 1155 2227 1182 2266; x_wconf 86' lang='lat' dir='ltr'>v.</span> <span class='ocrx_word' id='word_1_165' title='bbox 1206 2205 1339 2280; x_wconf 79' lang='lat' dir='ltr'>Prolegg.</span> <span class='ocrx_word' id='word_1_166' title='bbox 1361 2225 1384 2282; x_wconf 88' lang='lat' dir='ltr'>p.</span> 
     </span>
     <span class='ocr_line' id='line_1_18' title="bbox 305 2299 1452 2387; baseline -0.003 -20"><span class='ocrx_word' id='word_1_167' title='bbox 305 2311 362 2367; x_wconf 89' lang='grc'>195</span> <span class='ocrx_word' id='word_1_168' title='bbox 388 2331 430 2385; x_wconf 88' lang='lat' dir='ltr'>sq.</span> <span class='ocrx_word' id='word_1_169' title='bbox 475 2308 647 2387; x_wconf 84' lang='lat' dir='ltr'>Superiores</span> <span class='ocrx_word' id='word_1_170' title='bbox 677 2308 727 2366; x_wconf 81' lang='lat' dir='ltr'>alii</span> <span class='ocrx_word' id='word_1_171' title='bbox 756 2309 858 2378; x_wconf 60' lang='lat' dir='ltr'>aliter:</span> <span class='ocrx_word' id='word_1_172' title='bbox 888 2307 966 2366; x_wconf 83' lang='lat' dir='ltr'>Cum.</span> <span class='ocrx_word' id='word_1_173' title='bbox 994 2309 1149 2382; x_wconf 84' lang='lat' dir='ltr'>„Concinit</span> <span class='ocrx_word' id='word_1_174' title='bbox 1170 2309 1285 2368; x_wconf 88' lang='lat' dir='ltr'>hostes:</span> <span class='ocrx_word' id='word_1_175' title='bbox 1316 2307 1386 2365; x_wconf 90' lang='lat' dir='ltr'>domi</span> <span class='ocrx_word' id='word_1_176' title='bbox 1451 2299 1452 2312; x_wconf 50' lang='lat'>¹</span> 
     </span>
     <span class='ocr_line' id='line_1_19' title="bbox 302 2408 1385 2484; baseline -0.005 -15"><span class='ocrx_word' id='word_1_177' title='bbox 302 2431 377 2469; x_wconf 87' lang='lat' dir='ltr'>uxor</span> <span class='ocrx_word' id='word_1_178' title='bbox 399 2419 441 2469; x_wconf 89' lang='lat' dir='ltr'>est</span> <span class='ocrx_word' id='word_1_179' title='bbox 466 2408 647 2470; x_wconf 80' lang='lat' dir='ltr'>acerrums“.</span> <span class='ocrx_word' id='word_1_180' title='bbox 692 2409 742 2468; x_wconf 86' lang='lat' dir='ltr'>R.:</span> <span class='ocrx_word' id='word_1_181' title='bbox 776 2410 932 2484; x_wconf 83' lang='lat' dir='ltr'>„Concinit</span> <span class='ocrx_word' id='word_1_182' title='bbox 960 2411 1073 2470; x_wconf 85' lang='lat' dir='ltr'>hostem</span> <span class='ocrx_word' id='word_1_183' title='bbox 1097 2412 1177 2471; x_wconf 90' lang='lat' dir='ltr'>domi</span> <span class='ocrx_word' id='word_1_184' title='bbox 1208 2413 1249 2469; x_wconf 91' lang='lat' dir='ltr'>mi</span> <span class='ocrx_word' id='word_1_185' title='bbox 1276 2428 1385 2470; x_wconf 87' lang='lat' dir='ltr'>uxoren</span> 
     </span>
     <span class='ocr_line' id='line_1_20' title="bbox 302 2511 1385 2588; baseline -0.003 -16"><span class='ocrx_word' id='word_1_186' title='bbox 302 2511 513 2572; x_wconf 82' lang='lat' dir='ltr'>acerrumsm“.</span> <span class='ocrx_word' id='word_1_187' title='bbox 569 2513 687 2571; x_wconf 75' lang='lat' dir='ltr'>Mulier.</span> <span class='ocrx_word' id='word_1_188' title='bbox 722 2514 887 2588; x_wconf 74' lang='lat' dir='ltr'>eleganter:</span> <span class='ocrx_word' id='word_1_189' title='bbox 936 2513 1089 2586; x_wconf 81' lang='lat' dir='ltr'>„Concinit</span> <span class='ocrx_word' id='word_1_190' title='bbox 1125 2515 1189 2574; x_wconf 85' lang='lat' dir='ltr'>litis</span> <span class='ocrx_word' id='word_1_191' title='bbox 1228 2513 1299 2572; x_wconf 92' lang='lat' dir='ltr'>mihi</span> <span class='ocrx_word' id='word_1_192' title='bbox 1330 2531 1385 2570; x_wconf 85' lang='lat' dir='ltr'>cnm</span> 
     </span>
     <span class='ocr_line' id='line_1_21' title="bbox 301 2615 1382 2684; baseline -0.001 -10"><span class='ocrx_word' id='word_1_193' title='bbox 301 2637 394 2674; x_wconf 85' lang='lat' dir='ltr'>uxore</span> <span class='ocrx_word' id='word_1_194' title='bbox 423 2615 620 2674; x_wconf 78' lang='lat' dir='ltr'>acerrumss“.</span> <span class='ocrx_word' id='word_1_195' title='bbox 644 2643 685 2656; x_wconf 87' lang='lat'>·-·</span> <span class='ocrx_word' id='word_1_196' title='bbox 710 2617 779 2673; x_wconf 86' lang='grc'><strong>786.</strong></span> <span class='ocrx_word' id='word_1_197' title='bbox 810 2616 917 2674; x_wconf 74' lang='lat' dir='ltr'>Hiatus</span> <span class='ocrx_word' id='word_1_198' title='bbox 946 2623 1014 2676; x_wconf 82' lang='lat' dir='ltr'>ante</span> <span class='ocrx_word' id='word_1_199' title='bbox 1045 2623 1210 2676; x_wconf 86' lang='lat' dir='ltr'>extremum</span> <span class='ocrx_word' id='word_1_200' title='bbox 1241 2619 1382 2684; x_wconf 69' lang='lat' dir='ltr'>creticum</span> 
     </span>
     <span class='ocr_line' id='line_1_22' title="bbox 302 2715 1384 2796; baseline -0.003 -20"><span class='ocrx_word' id='word_1_201' title='bbox 302 2718 337 2777; x_wconf 90' lang='lat' dir='ltr'>R.</span> <span class='ocrx_word' id='word_1_202' title='bbox 361 2725 473 2796; x_wconf 84' lang='lat' dir='ltr'>trensp.</span> <span class='ocrx_word' id='word_1_203' title='bbox 502 2717 695 2793; x_wconf 86' lang='lat' dir='ltr'>„Demiphoni</span> <span class='ocrx_word' id='word_1_204' title='bbox 717 2715 818 2775; x_wconf 85' lang='lat' dir='ltr'>haec“.</span> <span class='ocrx_word' id='word_1_205' title='bbox 842 2747 884 2758; x_wconf 85' lang='lat'><em>-</em></span> <span class='ocrx_word' id='word_1_206' title='bbox 908 2721 967 2778; x_wconf 86' lang='grc'>789</span> <span class='ocrx_word' id='word_1_207' title='bbox 991 2739 1056 2796; x_wconf 89' lang='lat' dir='ltr'>sqq.</span> <span class='ocrx_word' id='word_1_208' title='bbox 1079 2718 1190 2778; x_wconf 83' lang='lat' dir='ltr'>Abiens</span> <span class='ocrx_word' id='word_1_209' title='bbox 1213 2719 1306 2790; x_wconf 85' lang='lat' dir='ltr'>uxori,</span> <span class='ocrx_word' id='word_1_210' title='bbox 1329 2735 1384 2795; x_wconf 81' lang='lat' dir='ltr'>qus</span> 
     </span>
     <span class='ocr_line' id='line_1_23' title="bbox 302 2820 1450 2899; baseline 0 -23"><span class='ocrx_word' id='word_1_211' title='bbox 302 2823 421 2879; x_wconf 87' lang='lat' dir='ltr'>domum</span> <span class='ocrx_word' id='word_1_212' title='bbox 450 2823 583 2893; x_wconf 83' lang='lat' dir='ltr'>introvit,</span> <span class='ocrx_word' id='word_1_213' title='bbox 617 2820 733 2891; x_wconf 72' lang='lat' dir='ltr'>clamet,</span> <span class='ocrx_word' id='word_1_214' title='bbox 768 2827 801 2876; x_wconf 92' lang='lat' dir='ltr'>ut</span> <span class='ocrx_word' id='word_1_215' title='bbox 829 2823 953 2899; x_wconf 78' lang='lat' dir='ltr'>opsonia</span> <span class='ocrx_word' id='word_1_216' title='bbox 980 2827 1049 2880; x_wconf 83' lang='lat' dir='ltr'>ente</span> <span class='ocrx_word' id='word_1_217' title='bbox 1076 2821 1153 2880; x_wconf 73' lang='lat' dir='ltr'>sdes</span> <span class='ocrx_word' id='word_1_218' title='bbox 1186 2823 1311 2880; x_wconf 82' lang='lat' dir='ltr'>iacentis</span> <span class='ocrx_word' id='word_1_219' title='bbox 1340 2839 1384 2877; x_wconf 86' lang='lat' dir='ltr'>cu·</span> <span class='ocrx_word' id='word_1_220' title='bbox 1449 2837 1450 2868; x_wconf 46' lang='grc' dir='ltr'><strong>ὲ</strong></span> 
     </span>
     <span class='ocr_line' id='line_1_24' title="bbox 301 2925 1384 3001; baseline 0.002 -21"><span class='ocrx_word' id='word_1_221' title='bbox 301 2925 373 2980; x_wconf 78' lang='lat' dir='ltr'>ferri</span> <span class='ocrx_word' id='word_1_222' title='bbox 401 2925 514 2998; x_wconf 83' lang='lat' dir='ltr'>iubeat,</span> <span class='ocrx_word' id='word_1_223' title='bbox 548 2943 584 2982; x_wconf 91' lang='lat' dir='ltr'>ne</span> <span class='ocrx_word' id='word_1_224' title='bbox 619 2941 726 2997; x_wconf 72' lang='lat' dir='ltr'>magno</span> <span class='ocrx_word' id='word_1_225' title='bbox 762 2925 858 2997; x_wconf 85' lang='lat' dir='ltr'>pretio</span> <span class='ocrx_word' id='word_1_226' title='bbox 887 2929 986 3000; x_wconf 79' lang='lat' dir='ltr'>empta</span> <span class='ocrx_word' id='word_1_227' title='bbox 1013 2925 1162 2982; x_wconf 85' lang='lat' dir='ltr'>inutiliter</span> <span class='ocrx_word' id='word_1_228' title='bbox 1191 2931 1322 3001; x_wconf 84' lang='lat' dir='ltr'>pereunt.</span> <span class='ocrx_word' id='word_1_229' title='bbox 1349 2951 1384 2962; x_wconf 91' lang='lat'>-</span> 
     </span>
     <span class='ocr_line' id='line_1_25' title="bbox 304 3019 1382 3101; baseline -0.003 -18"><span class='ocrx_word' id='word_1_230' title='bbox 304 3027 374 3086; x_wconf 87' lang='grc'><strong>790.</strong></span> <span class='ocrx_word' id='word_1_231' title='bbox 397 3021 469 3085; x_wconf 78' lang='lat' dir='ltr'>hinc</span> <span class='ocrx_word' id='word_1_232' title='bbox 490 3027 557 3084; x_wconf 84' lang='lat' dir='ltr'><strong>add.</strong></span> <span class='ocrx_word' id='word_1_233' title='bbox 582 3025 645 3101; x_wconf 81' lang='lat' dir='ltr'><strong>Pyl.</strong></span> <span class='ocrx_word' id='word_1_234' title='bbox 669 3053 711 3064; x_wconf 90' lang='lat'><em>-</em></span> <span class='ocrx_word' id='word_1_235' title='bbox 736 3026 807 3082; x_wconf 89' lang='grc'><strong>791.</strong></span> <span class='ocrx_word' id='word_1_236' title='bbox 836 3019 966 3098; x_wconf 82' lang='lat' dir='ltr'>Eadem,</span> <span class='ocrx_word' id='word_1_237' title='bbox 995 3027 1092 3099; x_wconf 83' lang='lat' dir='ltr'>simol,</span> <span class='ocrx_word' id='word_1_238' title='bbox 1115 3046 1142 3085; x_wconf 87' lang='lat' dir='ltr'>v.</span> <span class='ocrx_word' id='word_1_239' title='bbox 1168 3027 1206 3086; x_wconf 82' lang='lat' dir='ltr'>sd</span> <span class='ocrx_word' id='word_1_240' title='bbox 1227 3027 1327 3085; x_wconf 77' lang='lat' dir='ltr'>Bacch.</span> <span class='ocrx_word' id='word_1_241' title='bbox 1339 3027 1382 3082; x_wconf 85' lang='grc'>47.</span> 
     </span>
     <span class='ocr_line' id='line_1_26' title="bbox 302 3125 766 3202; baseline 0 -18"><span class='ocrx_word' id='word_1_242' title='bbox 302 3157 344 3169; x_wconf 90' lang='lat'>—</span> <span class='ocrx_word' id='word_1_243' title='bbox 366 3125 487 3202; x_wconf 75' lang='lat' dir='ltr'>rectius,</span> <span class='ocrx_word' id='word_1_244' title='bbox 510 3131 623 3202; x_wconf 81' lang='lat' dir='ltr'>melius,</span> <span class='ocrx_word' id='word_1_245' title='bbox 647 3129 766 3186; x_wconf 81' lang='lat' dir='ltr'>leutius.</span> 
     </span>
    </p>
   </div>
   <div class='ocr_carea' id='block_1_3' title="bbox 203 3435 1447 4434">
    <p class='ocr_par' dir='ltr' id='par_1_4' title="bbox 302 3435 1447 3718">
     <span class='ocr_line' id='line_1_27' title="bbox 388 3435 1381 3514; baseline 0 -22"><span class='ocrx_word' id='word_1_246' title='bbox 388 3437 458 3494; x_wconf 80' lang='lat'><strong>792.</strong></span> <span class='ocrx_word' id='word_1_247' title='bbox 487 3435 559 3511; x_wconf 84' lang='lat' dir='ltr'>Syre</span> <span class='ocrx_word' id='word_1_248' title='bbox 589 3443 747 3514; x_wconf 82' lang='lat' dir='ltr'>postquem</span> <span class='ocrx_word' id='word_1_249' title='bbox 771 3435 912 3514; x_wconf 81' lang='lat' dir='ltr'>Dorippse</span> <span class='ocrx_word' id='word_1_250' title='bbox 940 3443 1054 3514; x_wconf 84' lang='lat' dir='ltr'>petrem</span> <span class='ocrx_word' id='word_1_251' title='bbox 1078 3435 1158 3494; x_wconf 86' lang='lat' dir='ltr'>domi</span> <span class='ocrx_word' id='word_1_252' title='bbox 1186 3457 1246 3495; x_wconf 93' lang='lat' dir='ltr'>non</span> <span class='ocrx_word' id='word_1_253' title='bbox 1275 3435 1381 3504; x_wconf 81' lang='lat' dir='ltr'>invenit,</span> 
     </span>
     <span class='ocr_line' id='line_1_28' title="bbox 302 3533 1381 3613; baseline -0.002 -18"><span class='ocrx_word' id='word_1_254' title='bbox 302 3539 388 3609; x_wconf 88' lang='lat' dir='ltr'>redit,</span> <span class='ocrx_word' id='word_1_255' title='bbox 412 3549 446 3594; x_wconf 91' lang='lat' dir='ltr'>ut</span> <span class='ocrx_word' id='word_1_256' title='bbox 469 3538 523 3596; x_wconf 91' lang='lat' dir='ltr'>hoc</span> <span class='ocrx_word' id='word_1_257' title='bbox 545 3538 622 3596; x_wconf 79' lang='lat' dir='ltr'>herro</span> <span class='ocrx_word' id='word_1_258' title='bbox 645 3540 771 3597; x_wconf 89' lang='lat' dir='ltr'>nuntiet.</span> <span class='ocrx_word' id='word_1_259' title='bbox 807 3533 850 3596; x_wconf 83' lang='lat' dir='ltr'>ad</span> <span class='ocrx_word' id='word_1_260' title='bbox 865 3537 992 3613; x_wconf 75' lang='lat' dir='ltr'>patrem</span> <span class='ocrx_word' id='word_1_261' title='bbox 1016 3539 1054 3597; x_wconf 80' lang='lat' dir='ltr'>ed</span> <span class='ocrx_word' id='word_1_262' title='bbox 1077 3551 1137 3613; x_wconf 76' lang='lat' dir='ltr'>quo</span> <span class='ocrx_word' id='word_1_263' title='bbox 1160 3539 1381 3598; x_wconf 74' lang='lat' dir='ltr'>accommodatur</span> 
     </span>
     <span class='ocr_line' id='line_1_29' title="bbox 302 3638 1447 3718; baseline 0.003 -22"><span class='ocrx_word' id='word_1_264' title='bbox 302 3660 357 3717; x_wconf 89' lang='lat' dir='ltr'>pro</span> <span class='ocrx_word' id='word_1_265' title='bbox 383 3645 494 3716; x_wconf 58' lang='lat' dir='ltr'>„poten</span> <span class='ocrx_word' id='word_1_266' title='bbox 517 3640 555 3698; x_wconf 84' lang='lat' dir='ltr'>cd</span> <span class='ocrx_word' id='word_1_267' title='bbox 578 3638 694 3718; x_wconf 82' lang='lat' dir='ltr'>quem“‚</span> <span class='ocrx_word' id='word_1_268' title='bbox 718 3640 753 3698; x_wconf 84' lang='lat' dir='ltr'>ci.</span> <span class='ocrx_word' id='word_1_269' title='bbox 782 3641 851 3699; x_wconf 85' lang='grc'><strong>503.</strong></span> <span class='ocrx_word' id='word_1_270' title='bbox 1446 3645 1447 3705; x_wconf 77' lang='lat' dir='ltr'>i</span> 
     </span>
    </p>

    <p class='ocr_par' dir='ltr' id='par_1_5' title="bbox 203 3743 1446 4437">
     <span class='ocr_line' id='line_1_30' title="bbox 388 3743 1380 3819; baseline -0.002 -19"><span class='ocrx_word' id='word_1_271' title='bbox 388 3744 564 3802; x_wconf 86' lang='grc'><strong>794-805.</strong></span> <span class='ocrx_word' id='word_1_272' title='bbox 599 3743 669 3802; x_wconf 80' lang='lat' dir='ltr'>Haec</span> <span class='ocrx_word' id='word_1_273' title='bbox 689 3745 720 3801; x_wconf 93' lang='lat' dir='ltr'>in</span> <span class='ocrx_word' id='word_1_274' title='bbox 743 3743 828 3802; x_wconf 88' lang='lat' dir='ltr'>codd.</span> <span class='ocrx_word' id='word_1_275' title='bbox 852 3748 921 3818; x_wconf 88' lang='lat' dir='ltr'>post</span> <span class='ocrx_word' id='word_1_276' title='bbox 944 3744 1004 3800; x_wconf 89' lang='grc'>817</span> <span class='ocrx_word' id='word_1_277' title='bbox 1028 3743 1212 3801; x_wconf 80' lang='lat' dir='ltr'>collocuntur</span> <span class='ocrx_word' id='word_1_278' title='bbox 1234 3761 1380 3819; x_wconf 74' lang='lat' dir='ltr'>novamque</span> 
     </span>
     <span class='ocr_line' id='line_1_31' title="bbox 302 3842 1446 3949; baseline -0.002 -46"><span class='ocrx_word' id='word_1_279' title='bbox 302 3842 435 3903; x_wconf 83' lang='lat' dir='ltr'>efficiunt</span> <span class='ocrx_word' id='word_1_280' title='bbox 457 3865 580 3917; x_wconf 79' lang='lat' dir='ltr'>scenam,</span> <span class='ocrx_word' id='word_1_281' title='bbox 605 3847 652 3904; x_wconf 90' lang='lat' dir='ltr'>cui</span> <span class='ocrx_word' id='word_1_282' title='bbox 675 3843 775 3903; x_wconf 84' lang='lat' dir='ltr'>SYRA</span> <span class='ocrx_word' id='word_1_283' title='bbox 797 3845 902 3902; x_wconf 90' lang='lat' dir='ltr'>titulus</span> <span class='ocrx_word' id='word_1_284' title='bbox 925 3845 1109 3904; x_wconf 87' lang='lat' dir='ltr'>inscribitur.</span> <span class='ocrx_word' id='word_1_285' title='bbox 1144 3845 1217 3920; x_wconf 91' lang='lat' dir='ltr'>Illic,</span> <span class='ocrx_word' id='word_1_286' title='bbox 1241 3852 1380 3923; x_wconf 82' lang='lat' dir='ltr'>postquem</span> <span class='ocrx_word' id='word_1_287' title='bbox 1445 3873 1446 3949; x_wconf 41' lang='lat' dir='ltr'>p</span> 
     </span>
     <span class='ocr_line' id='line_1_32' title="bbox 303 3945 1379 4025; baseline 0 -21"><span class='ocrx_word' id='word_1_288' title='bbox 303 3947 377 4022; x_wconf 77' lang='lat' dir='ltr'>Syre</span> <span class='ocrx_word' id='word_1_289' title='bbox 404 3945 571 4020; x_wconf 83' lang='lat' dir='ltr'>Eutychum</span> <span class='ocrx_word' id='word_1_290' title='bbox 606 3953 707 4006; x_wconf 84' lang='lat' dir='ltr'>secute</span> <span class='ocrx_word' id='word_1_291' title='bbox 740 3947 826 4018; x_wconf 81' lang='lat' dir='ltr'>obiit,</span> <span class='ocrx_word' id='word_1_292' title='bbox 860 3947 933 4004; x_wconf 78' lang='lat' dir='ltr'>ferri</span> <span class='ocrx_word' id='word_1_293' title='bbox 966 3967 1024 4006; x_wconf 92' lang='lat' dir='ltr'>non</span> <span class='ocrx_word' id='word_1_294' title='bbox 1056 3967 1143 4025; x_wconf 86' lang='lat' dir='ltr'>posse</span> <span class='ocrx_word' id='word_1_295' title='bbox 1166 3953 1304 4025; x_wconf 74' lang='lat' dir='ltr'>apparet;</span> <span class='ocrx_word' id='word_1_296' title='bbox 1333 3947 1379 4006; x_wconf 88' lang='lat' dir='ltr'>hue</span> 
     </span>
     <span class='ocr_line' id='line_1_33' title="bbox 203 4047 1445 4145; baseline 0 -39"><span class='ocrx_word' id='word_1_297' title='bbox 203 4085 215 4145; x_wconf 49' lang='lat'>¹-</span> <span class='ocrx_word' id='word_1_298' title='bbox 301 4049 456 4108; x_wconf 81' lang='lat' dir='ltr'>tranetulit</span> <span class='ocrx_word' id='word_1_299' title='bbox 482 4051 617 4108; x_wconf 87' lang='lat' dir='ltr'>Bothius.</span> <span class='ocrx_word' id='word_1_300' title='bbox 661 4049 703 4107; x_wconf 83' lang='lat' dir='ltr'>Ac</span> <span class='ocrx_word' id='word_1_301' title='bbox 732 4051 794 4108; x_wconf 82' lang='lat' dir='ltr'>sire</span> <span class='ocrx_word' id='word_1_302' title='bbox 822 4047 948 4107; x_wconf 85' lang='lat' dir='ltr'>Pleutus</span> <span class='ocrx_word' id='word_1_303' title='bbox 976 4049 1036 4108; x_wconf 79' lang='lat' dir='ltr'>hoec</span> <span class='ocrx_word' id='word_1_304' title='bbox 1066 4051 1185 4128; x_wconf 87' lang='lat' dir='ltr'>scripsit</span> <span class='ocrx_word' id='word_1_305' title='bbox 1214 4051 1276 4109; x_wconf 86' lang='lat' dir='ltr'>sive</span> <span class='ocrx_word' id='word_1_306' title='bbox 1306 4055 1379 4128; x_wconf 79' lang='lat' dir='ltr'>poete</span> <span class='ocrx_word' id='word_1_307' title='bbox 1444 4095 1445 4106; x_wconf 66' lang='lat'>.</span> 
     </span>
     <span class='ocr_line' id='line_1_34' title="bbox 301 4151 1379 4229; baseline 0.001 -20"><span class='ocrx_word' id='word_1_308' title='bbox 301 4153 390 4227; x_wconf 83' lang='lat' dir='ltr'>poulo</span> <span class='ocrx_word' id='word_1_309' title='bbox 424 4154 598 4229; x_wconf 84' lang='lat' dir='ltr'>posterioris</span> <span class='ocrx_word' id='word_1_310' title='bbox 632 4153 737 4224; x_wconf 84' lang='lat' dir='ltr'>setstie,</span> <span class='ocrx_word' id='word_1_311' title='bbox 771 4151 802 4208; x_wconf 91' lang='lat' dir='ltr'>id</span> <span class='ocrx_word' id='word_1_312' title='bbox 835 4157 983 4227; x_wconf 78' lang='lat' dir='ltr'>spectasse</span> <span class='ocrx_word' id='word_1_313' title='bbox 1005 4152 1144 4229; x_wconf 67' lang='lat' dir='ltr'>uidetur,</span> <span class='ocrx_word' id='word_1_314' title='bbox 1178 4157 1213 4210; x_wconf 87' lang='lat' dir='ltr'>ut</span> <span class='ocrx_word' id='word_1_315' title='bbox 1246 4153 1379 4229; x_wconf 74' lang='lat' dir='ltr'>eliquanto</span> 
     </span>
     <span class='ocr_line' id='line_1_35' title="bbox 301 4251 1444 4331; baseline 0.002 -21"><span class='ocrx_word' id='word_1_316' title='bbox 301 4254 389 4331; x_wconf 83' lang='lat' dir='ltr'>pluro</span> <span class='ocrx_word' id='word_1_317' title='bbox 411 4253 490 4312; x_wconf 85' lang='lat' dir='ltr'>dicet</span> <span class='ocrx_word' id='word_1_318' title='bbox 512 4255 586 4331; x_wconf 81' lang='lat' dir='ltr'>Syra</span> <span class='ocrx_word' id='word_1_319' title='bbox 613 4261 681 4312; x_wconf 83' lang='lat' dir='ltr'>ente</span> <span class='ocrx_word' id='word_1_320' title='bbox 704 4272 793 4330; x_wconf 83' lang='lat' dir='ltr'>quom</span> <span class='ocrx_word' id='word_1_321' title='bbox 817 4253 913 4312; x_wconf 84' lang='lat' dir='ltr'>nlterc</span> <span class='ocrx_word' id='word_1_322' title='bbox 935 4251 1071 4331; x_wconf 79' lang='lat' dir='ltr'>persone,</span> <span class='ocrx_word' id='word_1_323' title='bbox 1101 4253 1263 4329; x_wconf 81' lang='lat' dir='ltr'>Eutychus,</span> <span class='ocrx_word' id='word_1_324' title='bbox 1291 4257 1376 4313; x_wconf 89' lang='lat' dir='ltr'>intret.</span> <span class='ocrx_word' id='word_1_325' title='bbox 1443 4307 1444 4312; x_wconf 73' lang='grc'>,</span> 
     </span>
     <span class='ocr_line' id='line_1_36' title="bbox 301 4353 1378 4434; baseline 0.002 -21"><span class='ocrx_word' id='word_1_326' title='bbox 301 4355 347 4414; x_wconf 81' lang='lat' dir='ltr'>Ad</span> <span class='ocrx_word' id='word_1_327' title='bbox 371 4362 574 4432; x_wconf 80' lang='lat' dir='ltr'>argumentum</span> <span class='ocrx_word' id='word_1_328' title='bbox 597 4357 766 4416; x_wconf 83' lang='lat' dir='ltr'>conferetur</span> <span class='ocrx_word' id='word_1_329' title='bbox 788 4353 861 4414; x_wconf 84' lang='lat' dir='ltr'>Cato</span> <span class='ocrx_word' id='word_1_330' title='bbox 885 4357 965 4434; x_wconf 80' lang='lat' dir='ltr'>apud</span> <span class='ocrx_word' id='word_1_331' title='bbox 986 4355 1114 4416; x_wconf 82' lang='lat' dir='ltr'>Gellium</span> <span class='ocrx_word' id='word_1_332' title='bbox 1136 4357 1173 4430; x_wconf 86' lang='lat' dir='ltr'>X,</span> <span class='ocrx_word' id='word_1_333' title='bbox 1198 4357 1247 4416; x_wconf 76' lang='lat'>23.</span> <span class='ocrx_word' id='word_1_334' title='bbox 1266 4385 1304 4396; x_wconf 93' lang='lat'>-</span> <span class='ocrx_word' id='word_1_335' title='bbox 1321 4359 1378 4416; x_wconf 88' lang='grc'><strong>795.</strong></span> 
     </span>
    </p>
   </div>
   <div class='ocr_carea' id='block_1_4' title="bbox 0 0 1474 5008">
    <p class='ocr_par' dir='ltr' id='par_1_6' title="bbox 0 0 1474 5008">
     <span class='ocr_line' id='line_1_37' title="bbox 0 0 1474 5008; baseline 0 2"><span class='ocrx_word' id='word_1_336' title='bbox 0 0 1474 5008; x_wconf 95' lang='lat' dir='ltr'> </span> 
     </span>
    </p>
   </div>
  </div>
 </body>
</html>
