2940 5008
546 483 578 539 v.
597 483 742 539 creare.
1130 489 1189 551 341

81 699 150 738 rum
179 678 256 754 „si“,
287 681 364 757 quod
393 680 460 739 edd.
484 681 615 740 retinent
644 673 746 756 (Both.
779 681 822 754 „si
851 679 998 740 incertum
1026 699 1083 758 pro
1111 686 1192 740 certo

80 776 228 859 habes“),
253 785 434 862 anaphoram
457 783 548 841 habet
568 801 673 860 parum
697 781 875 841 Plautinum.
894 809 935 822 -·
954 783 1015 840 646
1037 781 1073 842 R.
1096 787 1192 842 uana·

81 887 246 945 formavit:
285 885 419 957 „Quanto
453 887 559 946 satiust
592 905 642 944 rua
676 883 758 944 abire
786 889 817 942 te
846 885 946 961 aliquo
974 889 1063 962 atque
1090 886 1133 944 ibi
1161 891 1192 942 te

80 987 225 1046 uiuere“.
250 1017 291 1028 -
316 990 385 1047 663.
410 983 461 1047 hei
484 988 528 1062 R„
552 1007 620 1045 uam
651 983 746 1058 „heu“
767 1007 832 1045 cum
854 989 1022 1045 accusativo
1044 987 1192 1064 iungitur3

82 1089 164 1146 idern
203 1109 286 1150 error
319 1091 397 1149 infra
432 1092 492 1149 693
524 1097 555 1147 et
586 1091 655 1149 769.
700 1087 761 1147 Nos
789 1085 819 1146 ci
840 1089 968 1148 scribere
991 1089 1127 1148 solemus.
1153 1119 1190 1129 -

83 1192 159 1250 655.
192 1191 347 1252 Praeconem
380 1212 481 1251 omnes
515 1191 676 1250 conducero
708 1192 782 1264 vult,
816 1195 851 1250 ut
880 1211 935 1269 por
961 1197 1056 1252 totam
1088 1191 1193 1250 urbem

82 1295 221 1352 clament
248 1295 394 1353 hominem
423 1297 562 1354 amissum
592 1313 655 1353 ease
685 1300 714 1352 et
736 1294 838 1353 reduci
860 1293 983 1368 debere,
1012 1293 1048 1353 cl.
1071 1293 1190 1354 Petron.

86 1398 138 1456 97.
171 1426 216 1436 -
245 1399 316 1456 657.
348 1393 576 1472 coamatores,
605 1417 633 1454 r.
662 1396 700 1456 ad
722 1395 829 1472 Amph.
861 1397 909 1454 ot.
933 1424 976 1436 -
999 1397 1068 1456 658.
1091 1390 1195 1456 relicti

84 1499 194 1572 codd.;
236 1497 322 1558 Both.
365 1497 517 1574 „relicui“‚
556 1499 692 1558 Saracan.
730 1493 917 1572 „relictum“.
970 1495 1049 1557 Illud
1087 1500 1192 1558 saltem

83 1604 276 1676 posteriores
309 1602 406 1660 dicere
439 1608 612 1680 potuerunt,
651 1609 685 1661 ut
720 1601 780 1661 (lic.
811 1602 849 1660 ad
881 1601 946 1659 att.
981 1601 1060 1675 VIII,
1095 1603 1123 1675 3,
1156 1604 1194 1660 4:

87 1705 184 1780 „quid
210 1705 248 1762 ad
271 1724 335 1762 eam
358 1725 441 1782 spem
464 1711 509 1763 est
531 1701 668 1783 parati?“
695 1704 795 1763 senec.
816 1703 876 1762 vit.
894 1702 972 1762 beat.
988 1705 1035 1778 17,
1059 1707 1093 1763 4:
1120 1725 1193 1781 „pro

86 1806 152 1878 illo,
185 1809 234 1863 cui
264 1806 378 1884 aliquid
401 1809 461 1866 acti
484 1805 560 1866 est“.
591 1807 655 1866 Liv.
678 1806 829 1878 XXXVII,
855 1807 904 1877 23,
930 1808 986 1864 ll:
1023 1809 1097 1880 „loci
1120 1806 1195 1865 nihil

86 1907 190 1966 relicti
214 1905 309 1967 erat“.
648 1922 651 1931 '

532 2043 630 2050 ———-
638 2041 757 2050 η--ι-

179 2218 251 2275 669.
275 2215 357 2276 Uxor
374 2215 541 2292 Lysimachi
564 2235 634 2274 rure
657 2219 687 2274 in
710 2216 813 2275 urbem
829 2219 912 2274 venit
928 2235 993 2274 cum
1009 2215 1114 2274 ancilla
1137 2235 1194 2274 anu

90 2320 238 2377 sarcinam
268 2323 418 2396 portante.
448 2347 489 2359 -
522 2320 591 2378 660,
620 2313 697 2394 fleoei
724 2321 841 2397 scripsi,
870 2319 905 2378 cs.
929 2318 996 2376 Ter.
1021 2318 1092 2378 Hec.
1117 2319 1193 2377 608:

93 2419 195 2491 „Istuc
218 2427 264 2479 est
286 2441 398 2498 sapere,
423 2423 474 2498 qui
496 2421 674 2498 ubicumque
697 2440 772 2497 opus
795 2424 835 2480 sit
858 2423 985 2479 animum
1007 2421 1104 2498 possit
1123 2419 1193 2479 flec-

88 2519 183 2581 ters“.
220 2523 302 2581 Nihil
319 2529 365 2582 est
390 2525 465 2596 „leci
482 2525 631 2600 ingenium
651 2519 783 2596 meum“;
815 2524 917 2582 uallem
945 2523 1002 2596 „ad
1023 2520 1191 2597 ingenium“

91 2625 248 2684 dicendum
277 2633 351 2684 erat.
377 2655 414 2666 -
441 2627 512 2684 663.
536 2639 637 2684 eccam
664 2621 781 2684 incedit
806 2625 885 2684 Cam.
911 2655 951 2664 -—
975 2626 1045 2686 665.
1075 2619 1193 2697 merie,

92 2729 126 2786 cl.
149 2727 230 2786 Men.
257 2729 326 2786 744.
352 2757 394 2768 -
417 2730 488 2786 666.
510 2724 632 2801 eodcm3
657 2729 749 2805 Bugg.
774 2727 881 2805 Opusc.
905 2727 943 2786 od
965 2727 1064 2786 Madv.
1088 2747 1118 2804 p.
1134 2728 1194 2786 156

92 2831 208 2888 confert
236 2829 303 2889 Ter.
333 2830 404 2888 lieo.
428 2831 507 2888 Prol.
537 2831 588 2890 alt.
614 2833 669 2890 26:
707 2829 903 2902 „Funambuli
935 2831 1037 2890 eodem
1071 2829 1196 2888 accessit

94 2929 306 3008 exspectatio“.
340 2931 480 2991 Forsitan
503 2933 672 2992 hievernus
695 2953 754 2991 non
777 2937 873 2992 minus
892 2953 979 3010 quam
1002 2933 1053 2989 ille
1075 2933 1196 3009 spurius

94 3036 138 3090 alt.
157 3061 202 3074 -·
220 3035 291 3092 668.
314 3030 376 3094 rite
397 3035 514 3108 addidi3
538 3057 607 3094 nam
629 3055 732 3094 versus
753 3055 874 3095 mancus
897 3040 957 3108 eat3
979 3034 1060 3092 Cam.
1081 3029 1192 3108 „Syra“

95 3136 123 3192 iu
144 3142 279 3196 extremo
302 3157 406 3212 versu3
436 3137 470 3196 R.
498 3139 572 3210 „Qui
600 3141 691 3198 uicini
714 3139 789 3197 hanc
811 3143 943 3196 nostram
967 3154 1089 3211 augeam
1113 3155 1195 3194 aram

94 3239 273 3314 Apollinis“.
319 3234 448 3300 uicinus
478 3243 556 3299 enim
579 3241 688 3316 Apollo
718 3249 777 3314 est,
812 3263 840 3299 v.
865 3242 940 3313 670,
974 3241 1057 3298 cuius
1085 3259 1138 3297 ara
1164 3240 1197 3296 in

95 3344 248 3414 proscenio
271 3348 340 3414 stat,
364 3363 392 3402 v.
417 3344 454 3402 ad
476 3343 582 3401 Bacch.
610 3345 684 3402 17οε
722 3344 846 3416 „Saluto
869 3349 909 3416 te,
932 3345 1029 3401 uiciue
1052 3336 1196 3418 Apollo“;

97 3443 143 3500 sed
168 3463 274 3502 nomeu
297 3444 343 3502 dei
368 3445 439 3502 addi
462 3465 519 3502 non
542 3453 588 3503 est
610 3465 692 3524 opus.
717 3473 758 3486 -
782 3459 912 3522 clupeam
931 3445 976 3504 ed.
989 3465 1034 3522 pr.
1058 3475 1100 3486 -
1123 3445 1195 3503 669.

99 3537 150 3605 Da
183 3553 253 3605 cett.
285 3547 425 3624 Dorippa
459 3547 659 3605 continuanda
693 3567 755 3606 esse
789 3549 866 3606 cidit
897 3548 1010 3607 Acidal.
1040 3575 1081 3588 -
1108 3561 1195 3618 sane,

98 3647 130 3706 cl.
158 3651 232 3708 499.
261 3679 304 3688 -
331 3643 396 3708 Abi
424 3650 531 3707 ultime
559 3651 720 3727 producta;
753 3649 856 3727 Pylad.
884 3651 950 3724 „abi
972 3645 1066 3722 iam“;
1101 3648 1196 3724 Bngg.

99 3746 200 3826 Opuac,
225 3750 262 3808 ad
285 3751 385 3811 Madv.
416 3772 445 3828 p.
473 3753 548 3811 157:
583 3751 655 3824 „SI
679 3751 733 3811 Do.
758 3751 820 3812 ΒΟ.
844 3751 931 3811 abi“.
954 3781 996 3792 -
1020 3753 1091 3809 672.
1117 3749 1197 3824 „Fur-

99 3850 208 3910 trema“
240 3855 338 3930 iuquit
361 3853 394 3912 R.
422 3860 575 3932 „apertum
599 3861 645 3913 est
666 3875 702 3912 ex
725 3877 752 3914 v.
777 3857 838 3914 670
862 3858 1070 3924 iteratarum,
1101 3871 1195 3930 pepu-

100 3952 164 4013 lisse
192 3961 291 4013 autern
323 3957 435 4034 aliquid
462 3957 645 4016 huiusmodi:
684 3957 828 4035 „Meoque
850 3965 883 4016 ut
905 3975 1011 4036 parcas
1033 3959 1133 4032 gnato,
1162 3960 1198 4012 ut

101 4057 166 4116 mibi
194 4077 298 4134 sospes
325 4055 419 4118 fuat“.
465 4058 604 4118 Ceterum
633 4059 690 4118 huc
717 4063 848 4139 respexit
875 4059 1042 4137 Porphyrio
1070 4060 1099 4114 iu
1124 4057 1196 4116 Hor.

102 4175 183 4218 carm.
197 4161 295 4218 saecul.
311 4161 366 4219 33:
393 4161 535 4234 „Plautus
557 4163 588 4218 iu
605 4161 773 4220 Mercatore
790 4162 892 4222 fabula
908 4141 990 4220 idern¹
1006 4161 1106 4230 sensit,
1129 4178 1196 4217 cum

102 4261 211 4322 inducit
234 4269 357 4321 matrem
380 4263 506 4322 familias
528 4267 644 4341 precari
661 4265 830 4342 Apollinem
848 4271 918 4322 nato
935 4283 989 4322 suo
1005 4267 1041 4320 ut
1061 4257 1194 4340 parcat.“
