2932 5008
94 472 148 540 111,
173 476 197 538 l,
221 473 319 526 16-24
583 472 732 526 Mercator.
1143 479 1201 539 173

522 661 788 744 Pasicompsa

826 767 923 834 Haud
945 770 1096 852 equidem
1119 770 1201 850 dico,

93 879 163 943 Nec
199 900 270 944 mos
305 884 426 958 meust,
460 883 497 942 ut
529 876 730 960 praedicem,
764 877 852 961 quod
887 897 947 959 ego
981 879 1085 944 omnis
1119 879 1202 944 scire

916 981 1057 1051 credam.
1151 1003 1202 1056 505

521 1138 786 1224 Lysimachus

93 1249 213 1314 Oratio
232 1247 348 1332 edepol
366 1248 469 1330 pluris
487 1255 537 1312 est
555 1246 660 1324 huius,
678 1269 776 1328 qnam
790 1249 905 1331 quanti
923 1249 1004 1313 haec
1017 1255 1128 1332 empta
1140 1256 1200 1314 eat.
1288 1307 1292 1321 .

95 1359 227 1441 Rogare
251 1357 311 1421 hoc
333 1379 431 1421 unum
451 1363 484 1420 te
503 1356 586 1420 uolo.

518 1545 787 1628 Pasicompsa

621 1654 761 1737 Roganti
784 1655 995 1736 respondebo.

517 1842 781 1924 Lysimachus

94 1951 179 2028 Quid
207 1951 255 2014 ais
277 1953 335 2014 tu?
359 1951 447 2034 quod
465 1972 587 2034 ,nomen
610 1949 671 2014 tibi
695 1950 801 2014 dicam
825 1954 916 2016 esse?

519 2138 788 2224 Pasicompsa

956 2249 1199 2334 Pasicompeae.

443 2487 445 2492 Ι
516 2401 785 2486 Lysimachus

96 2511 144 2574 Ex
167 2512 276 2576 forma
298 2531 414 2576 nomen
436 2511 620 2576 inditumst.
666 2511 729 2577 Sed
752 2511 830 2594 quid
855 2513 913 2590 ais,
936 2511 1168 2596 Pasicompsa?

97 2619 215 2684 Possin
238 2627 282 2699 tn,
306 2621 333 2683 si
357 2641 435 2684 usus
458 2622 594 2698 uenerit,
617 2619 786 2685 subtemen
809 2629 906 2686 tenue
930 2623 1027 2686 nere?
1148 2641 1200 2691 510

520 2808 780 2892 Pasicompsa

98 2914 247 2980 Possum.

519 3071 780 3155 Lysimachus

297 3178 329 3242 Si
352 3187 450 3242 tenue
474 3181 548 3259 scis,
572 3182 640 3244 scio
663 3188 696 3244 te
719 3181 852 3246 uberius
875 3202 970 3264 posse
993 3203 1080 3246 nere.

520 3369 781 3452 Pasicompsa

102 3475 148 3540 De
172 3475 313 3541 lanificio
336 3479 498 3542 neminem
521 3483 642 3556 metuo,
666 3497 732 3541 una
754 3483 864 3542 aetate
887 3499 971 3561 quae
994 3479 1045 3543 ait.

520 3665 784 3748 Lysimachus

102 3771 212 3835 Bonae
235 3773 342 3838 hercle
365 3781 398 3836 ie
420 3772 505 3854 frugi
527 3774 661 3852 arbitro,
684 3795 704 3838 a
726 3779 856 3837 matura
879 3775 944 3836 iam
966 3773 1040 3838 inde
1064 3783 1172 3839 aetate

104 3878 206 3956 Quom
231 3881 293 3946 scia
315 3881 424 3946 facere
446 3881 589 3947 officium
610 3889 712 3960 tuum,
736 3881 860 3946 mulier.

172 4153 222 4206 505
239 4152 327 4207 cireG
410 4155 460 4207 507
479 4171 562 4208 unum
582 4155 634 4209 hoc
649 4155 676 4210 A
745 4157 796 4208 508
814 4155 920 4210 deioam
939 4155 964 4207 A
1047 4157 1098 4209 610
1116 4157 1198 4212 aubte

106 4245 199 4294 mente
217 4244 311 4318 tenere
329 4237 358 4292 B
428 4241 476 4294 511
498 4249 597 4294 tennes
616 4243 673 4294 acio
692 4241 719 4294 B
787 4247 883 4295 tenere
902 4241 928 4294 B
998 4244 1048 4294 513
1067 4243 1145 4295 Bona
1163 4245 1198 4310 A,

108 4323 210 4376 Bonam
220 4323 272 4378 Bo
337 4324 415 4393 fruge
433 4325 468 4388 A,
487 4332 515 4378 et
533 4325 607 4394 frugi
627 4327 678 4381 Bo
745 4329 796 4379 514
813 4325 863 4392 an
882 4325 909 4380 Β
