2982 5000
594 451 627 507 V.
647 453 789 507 tlt-243.
877 455 880 468 ⁴
1196 458 1257 518 23'7

101 649 280 710 240-43
300 649 472 727 septenarii.
512 648 687 726 Spengolius
711 651 800 708 stiam
823 653 989 726 anapestus
1005 649 1176 720 constituit,
1199 647 1256 706 Rs·

99 749 338 811 formvorschl.
360 771 390 830 p.
416 752 486 814 399.
1176 743 1179 752 ’

218 855 290 914 232.
314 849 394 914 milti
411 869 443 914 es
461 853 576 928 auum,
598 854 636 912 cf.
653 855 743 914 1169.
756 883 799 894 -
816 854 886 912 233.
912 847 1006 912 Nihil
1018 855 1052 912 A.
1066 883 1108 894 --
1125 848 1257 930 liquida

103 956 150 1015 cl.
183 955 284 1016 Most.
305 959 374 1017 736.
398 983 441 997 -
463 957 535 1017 234.
559 970 593 1016 ea
615 975 671 1033 pro
698 953 763 1027 ,et“
789 957 902 1032 scripsi.
926 985 968 996 —
992 951 1259 1016 susurratore

101 1078 235 1118 versus
264 1079 353 1118 causa
380 1060 558 1136 transposui.
588 1087 631 1098 —
658 1057 828 1132 maturam,
850 1068 932 1117 'nam
960 1079 1024 1117 sam
1056 1060 1181 1134 antiqua
1204 1060 1257 1116 ini·

104 1163 245 1221 micitia
266 1163 302 1220 ad
327 1165 531 1221 maturitatem
552 1160 704 1239 produxit.
732 1189 775 1203 -
806 1162 876 1219 266.
912 1159 1084 1234 Calidorus,
1119 1163 1170 1239 qui
1194 1181 1258 1219 mu·

105 1267 253 1324 neribus
280 1267 413 1325 lenonum
442 1264 619 1343 placandum
648 1283 711 1322 esse
739 1269 894 1322 osnsuerst
916 1284 942 1322 v.
968 1265 1043 1336 232,
1078 1271 1258 1323 voraturus

106 1368 294 1428 ulciscendi
324 1369 431 1446 cupido
460 1387 579 1426 servum
605 1369 636 1425 in
665 1369 732 1426 aria
761 1365 897 1425 obducat.
954 1365 1020 1424 Non
1051 1380 1144 1442 spur,
1179 1367 1199 1424 i.
1231 1385 1256 1423 e.

106 1490 237 1548 parum
260 1471 334 1530 utils
356 1471 413 1530 sibi
432 1470 527 1530 videri
547 1472 598 1546 ait,
622 1471 646 1527 si
667 1469 774 1528 malum
793 1469 893 1527 lenoni
910 1475 1006 1546 peret.
1041 1469 1120 1526 Male
1133 1468 1258 1540 Acidul,

111 1573 155 1632 R.
188 1579 261 1632 cett.
289 1573 384 1646 „Quid
406 1571 526 1649 opist?“
558 1576 576 1630 i.
601 1592 625 1630 e.
650 1571 720 1648 quid
745 1572 848 1629 auxilii
871 1570 936 1630 esti
960 1601 1002 1611 —
1033 1565 1129 1630 Potin
1150 1571 1194 1644 ut,
1221 1571 1256 1629 cf.

113 1675 162 1733 ad
179 1676 247 1735 mn.
262 1677 332 1736 923.
380 1669 476 1736 alium
497 1688 561 1735 rem
585 1689 681 1747 cares,
706 1674 741 1732 cf.
766 1674 804 1732 sd
826 1673 890 1732 Mil.
915 1675 985 1732 926.
1006 1703 1048 1712 -
1067 1667 1142 1745 Bal,
1167 1693 1194 1731 v.
1219 1673 1256 1732 ad

113 1778 220 1856 Epid.
246 1779 296 1836 99.
322 1807 358 1820 -
384 1773 466 1837 dura
488 1780 645 1836 transitive
668 1777 787 1848 dicitur,
811 1795 837 1834 v.
863 1777 901 1834 ad
924 1779 1005 1834 Asin.
1025 1778 1095 1835 898.
1120 1806 1162 1816 -
1185 1779 1255 1836 238.

113 1895 225 1964 quam
248 1901 349 1940 omncs
372 1880 455 1954 edd,
479 1881 530 1940 ssd
553 1880 632 1958 quod
656 1875 691 1938 in
713 1881 963 1958 proepositionsm,
988 1897 1051 1956 qnae
1075 1887 1105 1937 st
1128 1883 1159 1937 in
1181 1879 1205 1938 Β
1229 1887 1258 1938 et

114 1986 152 2041 in
183 1982 206 2042 G
230 1991 335 2057 exstat,
360 1985 532 2055 omiserunt,
556 1984 632 2040 mole
655 1983 803 2052 fecerunt,
827 1981 980 2040 Acidalius
1003 1989 1055 2041 aut
1080 1983 1160 2056 „rei“
1186 1985 1257 2041 scri·

114 2085 258 2146 bendum
282 2105 346 2144 esse
369 2092 421 2144 sut
448 2080 516 2158 „re“
539 2105 593 2160 pro
617 2086 716 2143 dativo
741 2083 915 2160 sapiendum
934 2087 1055 2144 sensuit.
1092 2083 1257 2144 Pseudolus
1296 2077 1302 2090 ’

116 2189 154 2245 in
188 2189 278 2247 rebus
306 2188 437 2246 adversis
466 2191 509 2246 sit
535 2209 595 2246 non
625 2190 723 2246 animo
753 2187 971 2262 obsequendum
995 2207 1073 2259 esse,
1109 2189 1159 2246 sed
1189 2196 1257 2246 ante

118 2293 230 2349 omnia
263 2291 294 2348 id
321 2289 489 2349 faciendum
519 2291 598 2367 quod
622 2295 652 2349 in
681 2309 743 2348 rem
767 2292 815 2348 sit.
864 2285 1101 2364 praeconario,
1125 2291 1160 2348 cl.
1186 2291 1255 2350 Hor.

118 2393 185 2472 Ep.
210 2394 247 2464 Il,
273 2395 300 2466 2,
328 2394 403 2452 126:
437 2393 650 2470 „praetulerim
737 2389 854 2469 quam“.
899 2391 1003 2450 Livius
1026 2397 1134 2470 saepius
1164 2411 1257 2469 „prae-

122 2501 237 2572 optare
260 2494 380 2572 qusm“.
425 2495 500 2554 Post
522 2491 658 2556 aduorsu
683 2496 782 2552 hiatur
805 2481 873 2552 ante
897 2495 1022 2552 alterum
1047 2515 1073 2566 a,
1096 2517 1123 2554 r.
1138 2495 1255 2571 Prolsg.

121 2617 156 2674 p.
187 2600 258 2657 220.
282 2627 324 2637 —-
349 2601 419 2658 269.
444 2598 516 2656 Post
537 2595 605 2657 nisi
627 2599 736 2656 histor.
780 2593 995 2668 iucundumst,
1024 2595 1091 2655 oui?
1136 2591 1256 2672 Specta-

124 2698 271 2759 toribus?
294 2699 346 2758 ssd
369 2701 424 2760 hoc
447 2701 556 2759 clarius
579 2700 735 2759 dicendum
759 2705 832 2757 erat.
877 2700 924 2758 An
947 2697 1095 2758 amatori?
1112 2707 1146 2756 ut
1162 2702 1257 2776 ipsam

125 2803 291 2862 stultitiam
313 2803 372 2864 sibi
393 2804 511 2881 placere
534 2803 623 2863 dicat.
679 2801 754 2862 Sane
785 2803 884 2879 aptius
913 2803 1076 2872 di'csrstur,
1105 2801 1170 2860 fieri
1200 2823 1256 2860 oon
1363 2844 1365 2852 ‚

108 2923 218 2983 'posse
242 2908 314 2982 quin
336 2914 451 2966 amator
473 2907 563 2966 stulte
586 2911 698 2980 ageret.
744 2905 814 2962 Lor.
838 2923 954 2963 versum
978 2905 1107 2963 seclusit.
1126 2934 1167 2943 -
1186 2907 1256 2964 240.

126 3004 227 3067 Mitte
249 3023 298 3066 me
324 3005 387 3081 sis,
420 3009 503 3081 hinc,
537 3028 597 3067 non
627 3029 645 3066 a
676 3004 773 3079 „sinc“
805 3005 947 3066 Pseudoli
976 3007 1066 3064 verba
1088 3008 1258 3086 incipienda

127 3117 209 3169 sunt.
267 3110 300 3168 R.
332 3113 471 3170 licenter:
510 3115 591 3183 „sine
619 3113 675 3169 sim
705 3111 800 3168 nihili.
825 3111 965 3168 sinesis.
995 3109 1050 3169 PS.
1075 3110 1161 3168 Sino:
1195 3111 1277 3169 sins¹

128 3214 222 3270 modo
242 3211 374 3271 sbeom.“
400 3243 441 3252 -
466 3215 535 3272 241.
559 3208 630 3290 Epo
653 3233 690 3271 ex
712 3211 897 3270 antecedenti
919 3231 1007 3270 versu
1029 3214 1086 3271 hoo
1108 3215 1257 3272 transtuli.

91 3375 97 3390 ,
130 3316 208 3374 Tum
237 3316 362 3373 alterum
385 3317 602 3376 manedelsvi.
653 3315 727 3372 Post
755 3329 803 3372 me
825 3314 924 3372 hiatur
946 3317 977 3372 in
1000 3315 1125 3374 diaeresi.
1149 3345 1191 3355 -·-
1213 3316 1258 3374 De

129 3418 168 3477 ut
190 3423 220 3474 et
243 3414 289 3476 ilc
311 3437 339 3476 v.
358 3419 395 3476 ad
414 3420 484 3478 802.
508 3449 551 3458 -
569 3419 638 3476 242.
662 3412 741 3476 milri
764 3431 859 3484 cesso,
884 3417 919 3474 cf.
935 3417 1020 3493 Epid.
1037 3419 1107 3477 344.
1127 3449 1169 3458 -
1187 3421 1257 3477 243.

132 3515 275 3594 Placide,
299 3521 333 3580 ol.
349 3522 420 3579 927.
441 3521 504 3579 Mil.
524 3523 596 3580 222.
613 3550 655 3560 -
676 3514 768 3595 Quid,
790 3514 907 3577 molum
925 3519 959 3577 R.
978 3515 1103 3594 placide
1124 3515 1155 3578 is
1178 3520 1257 3579 Cam.

220 3624 290 3682 244.
315 3624 492 3682 Octonsrius
515 3624 690 3689 trochaicus,
716 3643 802 3698 quem
825 3629 991 3698 sequuntur
1013 3627 1144 3700 quinquo
1167 3631 1259 3680 tetra-

132 3727 220 3784 metri
245 3725 401 3784 bacchisci.
449 3727 592 3786 too-55
617 3727 695 3784 idem
718 3725 835 3782 schama
859 3725 1002 3800 probent,
1049 3728 1109 3784 256
1134 3727 1260 3784 dimeter

131 3827 315 3900 trochaicus,
350 3847 436 3903 quem
471 3834 636 3905 sequuntur
671 3833 733 3884 tres
769 3830 937 3886 tetrametri
971 3828 1126 3886 bacchiaci.
1199 3830 1259 3888 260

133 3949 170 3988 ex
192 3929 326 4006 tripodis
348 3931 499 3990 trochaica
521 3931 694 3989 catalecticus
718 3929 847 4008 repetita
875 3936 998 3990 constat.
1044 3931 1190 3991 261-62
1214 3941 1259 3990 ta-

132 4035 270 4091 trometri
293 4033 403 4104 cretici,
427 4051 501 4110 quos
518 4034 654 4110 sequitur
673 4032 801 4090 dimeter
819 4035 954 4091 creticus.
1001 4034 1060 4093 264
1079 4035 1260 4112 compositus

133 4155 170 4194 ex
193 4140 336 4211 quattuor
356 4135 510 4207 trochaeis,
540 4135 655 4193 duobus
683 4135 814 4207 creticis,
853 4134 967 4202 duobus
995 4135 1141 4196 trochaeis.
1198 4139 1259 4197 265

135 4239 224 4297 iamb.
248 4239 432 4316 septenarius
456 4259 522 4297 oum
545 4237 628 4296 hiatu
651 4238 683 4295 in
705 4237 829 4296 diseresi.
