2932 5008
295 447 338 508 84
801 439 894 495 Plauti

706 629 981 715 Milphidippa

295 737 366 816 Quo
389 739 602 822 argomento?

476 985 480 998 Ι
721 905 959 973 Palaestrio
1029 941 1034 968 ι

559 1015 680 1082 infidos
702 1015 805 1095 oelas;
829 1037 888 1097 ego
911 1037 981 1080 sum
1002 1015 1063 1080 tihi
1085 1013 1177 1080 firme
1200 1014 1290 1080 fidus.
1315 1031 1371 1083 1010

704 1186 980 1270 Milphidippa

294 1249 381 1362 codo
404 1297 541 1378 signum,
563 1296 591 1360 si
614 1295 738 1360 harunc
761 1294 960 1360 baooharum
986 1315 1028 1359 es.

723 1464 957 1531 Palaestrio

768 1573 864 1638 Amat
885 1573 1002 1638 mulier
1024 1573 1186 1656 quaedam
1209 1573 1368 1657 quendam.

700 1743 980 1828 Milphidippa

294 1849 352 1915 Pol
374 1851 459 1915 istuo
481 1850 610 1932 quidem
633 1850 766 1916 multae.

719 2020 956 2086 Palaestrio

613 2129 655 2193 ht
676 2148 740 2192 non
764 2129 885 2194 multae
908 2129 947 2193 de
971 2129 1074 2212 digito
1097 2130 1217 2194 donum
1240 2131 1370 2194 mittunt.

699 2299 978 2382 Milphidippa

293 2404 388 2471 Enim
405 2408 543 2488 eognoui
560 2427 661 2488 nuoo;
683 2406 790 2471 fecisti
808 2407 902 2472 modo
920 2405 999 2471 mihi
1019 2428 1058 2471 ex
1076 2406 1223 2490 proeliuo
1241 2407 1370 2490 planum.

295 2511 361 2578 Sed
382 2514 435 2578 hio
457 2535 535 2580 num
557 2515 631 2598 quis
654 2514 770 2580 adest?

720 2684 958 2750 Palaestrio
1460 2635 1461 2682 i

648 2791 709 2858 Uol
731 2793 826 2858 adest
847 2793 900 2858 uel
921 2813 996 2858 non.

705 2961 979 3046 Milphidippa

893 3069 980 3136 Cedo
1004 3079 1037 3135 te
1059 3069 1136 3135 mihi
1159 3069 1248 3136 solae
1272 3069 1375 3136 solum.
1460 3125 1461 3148 p

722 3241 958 3307 Palaestrio

291 3346 411 3414 Breuin
434 3369 476 3412 an
498 3348 675 3432 longinquo
699 3351 870 3414 sermone?

704 3519 978 3604 Milphidippa

791 3627 907 3692 Tribus
932 3627 1052 3691 uerbis.

726 3795 956 3861 Palaestrio

971 3904 1039 3968 iam
1063 3905 1105 3970 ad
1127 3912 1160 3968 te
1183 3905 1294 3972 redeo.
1318 3919 1377 3975 1015

362 4145 427 4196 1010
444 4140 526 4194 firma
542 4139 611 4196 fides
629 4139 664 4209 Β,
682 4139 761 4196 firmo
779 4141 869 4196 tidelis
888 4141 1011 4210 O,...us
1028 4142 1055 4196 A
1127 4145 1189 4196 1011
1211 4143 1282 4213 δΒ,
1301 4143 1380 4198 ostii

294 4229 359 4282 1010
376 4227 495 4295 didigito
514 4225 627 4281 domum
644 4225 672 4280 B
760 4229 824 4280 1013
842 4233 949 4296 patrem
1029 4231 1094 4282 1014
1112 4227 1141 4282 Si
1158 4228 1204 4282 hio
1222 4239 1257 4284 no
1277 4231 1336 4300 quis
1355 4227 1377 4282 B

361 4313 464 4366 sisoloa
481 4309 517 4378 Β,
541 4311 607 4366 solas
626 4313 687 4366 solu
705 4311 806 4368 esset*
891 4315 957 4367 1015
976 4313 1057 4366 Breui
1076 4323 1110 4368 aa
1127 4312 1164 4380 Β,
1189 4313 1291 4368 Breum
1309 4311 1380 4370 and
