2982 5000
581 473 611 526 v.
631 475 774 528 eae-eea.
1178 477 1237 541 271

89 665 264 741 fecturcs;
299 670 416 728 mentiri
430 683 431 686 ’
445 689 520 728 eum.
576 667 680 745 Itaque
708 671 873 728 necessario
902 689 967 728 cum
990 667 1035 726 ed.
1061 689 1105 746 pr.
1129 663 1241 745 (undis
1342 655 1344 658 ¹

88 770 315 828 scribendum.
329 799 369 810 -
388 773 459 828 949.
483 771 588 830 Oratio
598 775 718 848 incepta
729 773 891 850 peragitur.
926 771 1037 845 metue,
1054 773 1073 830 i.
1087 791 1112 829 e.
1125 791 1240 845 vereor,

89 878 128 928 ut
156 871 273 944 deum,
305 874 340 931 cf.
365 873 448 933 Ovid.
473 873 554 932 Fert.
579 874 629 949 vl,
654 876 729 933 259:
767 893 845 951 „quo
867 893 926 934 uon
948 876 1127 934 metuentius
1149 875 1241 932 ullam

89 973 255 1034 Numinis
277 978 427 1053 ingenium
449 983 532 1036 terra
553 977 663 1036 Sabine
684 973 784 1036 sarid.
805 1007 841 1016 -
860 971 1028 1053 mapnt'fico
1046 979 1135 1036 etiarn
1146 979 1182 1036 A.
1201 971 1260 1016 -’

92 1077 177 1136 950.
208 1078 281 1152 Ego
305 1079 388 1154 elios,
412 1080 522 1156 inquit,
549 1079 728 1138 blandiendo
750 1079 856 1138 fallere
878 1080 971 1153 soleo,
994 1099 1031 1137 ne
1053 1099 1099 1138 me
1122 1099 1243 1140 censeas

91 1181 210 1256 ipsum
239 1182 393 1241 blanditiis
416 1184 482 1260 capi
504 1201 600 1260 posse.
640 1175 782 1257 palpum,
806 1203 833 1240 v.
857 1182 893 1240 ed
917 1183 1024 1260 Amph.
1046 1183 1115 1242 522.
1149 1182 1243 1256 podes

92 1282 217 1358 codd.;
246 1285 280 1342 R.
307 1280 427 1363 „pcte“.
451 1315 492 1324 -
521 1285 591 1342 951.
623 1284 731 1343 Hiatus
754 1286 784 1342 in
807 1285 934 1344 dieresi.
957 1315 999 1324 -
1027 1286 1098 1342 952.
1133 1284 1243 1343 Versus

93 1386 282 1460 claudicet3
304 1387 350 1446 Fl.
374 1391 457 1464 prius
482 1383 605 1465 „pocla“
631 1391 766 1465 scripsit,
792 1388 899 1447 deinde
925 1383 991 1460 „ct“
1017 1387 1132 1460 omisit,
1163 1386 1243 1464 quod

94 1507 242 1564 prorsus
260 1489 431 1548 Plautinum
455 1495 508 1563 est,
533 1513 559 1549 v.
573 1490 610 1548 ed
628 1492 709 1549 Asin.
725 1493 801 1562 5643
825 1491 1029 1568 equidemprc
1044 1487 1240 1564 ,‚uugnentis“

94 1589 260 1668 anquina
281 1595 395 1670 scripsi,
419 1599 453 1652 ut
476 1593 549 1652 Cato
573 1593 607 1651 R.
632 1593 666 1652 R.
692 1596 740 1653 79.
766 1595 814 1652 80.
841 1595 879 1652 el.
907 1623 950 1632 —
970 1587 1193 1668 pulyramcrttr'S,
1216 1613 1243 1650 v.

98 1693 141 1751 ad
162 1694 262 1754 Curc.
276 1697 325 1754 90.
345 1725 385 1736 -
410 1697 481 1756 953.
505 1691 608 1756 aderit
626 1697 671 1755 ed.
689 1717 735 1774 pr.
748 1695 822 1754 Tum
849 1697 923 1768 „tibi
945 1697 1029 1754 aeuie
1051 1715 1140 1772 super
1162 1697 1245 1754 senia

99 1816 190 1872 quae
220 1795 290 1856 der‘
310 1800 368 1870 id.;
399 1799 553 1870 Bdchcler,
572 1819 659 1876 quern
683 1819 747 1858 cum
771 1798 839 1857 Lor.
858 1817 981 1874 sequor,
1005 1794 1097 1859 sauia
1119 1791 1243 1857 aucuia.

101 1931 150 1940 -
178 1903 257 1962 954.
282 1897 418 1976 accipies
445 1902 564 1979 scripsi,
589 1904 724 1979 quemvis
745 1905 787 1962 sic
809 1921 912 1960 versus
935 1901 1050 1960 discussi
1073 1907 1182 1960 cereet.
1205 1929 1242 1940 -

102 2000 241 2080 reficies
269 2004 465 2064 Hermannus.
497 2035 539 2044 -
571 2001 675 2082 mageis
704 1999 807 2081 dicas,
841 2004 877 2063 cf.
907 2005 972 2063 Mil.
999 2006 1087 2064 1421.
1145 2003 1244 2062 Herm.

107 2109 232 2175 „etiam
253 2105 383 2185 magis“;
417 2107 451 2166 R.
479 2109 590 2183 „magis
611 2103 672 2165 id“.
705 2135 746 2146 —-
780 2110 851 2167 955.
881 2122 930 2166 me
957 2103 1168 2184 ramusculi.
1203 2135 1245 2146 -·-

105 2211 189 2268 956.
218 2225 254 2268 03
276 2205 401 2270 lenonis
424 2211 468 2268 ul.
494 2211 568 2268 duce
580 2210 670 2283 Gem,
694 2212 745 2286 qui
772 2213 898 2284 „estium
922 2206 1054 2269 lenonis“
1075 2212 1243 2287 scripserat.

106 2311 197 2370 lllud
229 2314 378 2371 insolitum
407 2319 466 2384 est,
501 2315 553 2372 scd
587 2314 698 2390 optimc
731 2316 868 2387 congruit
901 2333 966 2372 cum
996 2311 1094 2372 Simiae
1118 2312 1184 2370 lusu
1214 2314 1245 2369 iu

106 2417 278 2490 proximis,
309 2411 399 2475 aedes
422 2410 548 2474 discunt
568 2436 624 2493 pro
647 2417 832 2493 aperiuntur.
867 2446 902 2455 -
934 2417 1005 2474 957.
1035 2411 1105 2490 hom
1140 2421 1169 2472 ct
1191 2434 1244 2472 nu-

114 2525 221 2576 meret
232 2523 263 2575 et
274 2518 369 2595 digito
386 2524 541 2578 monstrat.
576 2519 660 2591 Quod
677 2524 776 2578 autern
794 2520 929 2595 proxime
949 2519 1047 2575 Simiae
1063 2518 1244 2586 tribuuntur,

113 2627 219 2678 totum
244 2641 359 2680 versum
382 2621 521 2680 Pscudcli
543 2641 606 2679 csse
629 2622 726 2698 potius
749 2621 934 2679 crediderim.
963 2651 1005 2658 —
1032 2615 1137 2679 animo
1166 2613 1247 2678 male

115 2723 180 2797 est,
206 2725 242 2782 cf.
266 2724 304 2782 ad
315 2723 422 2801 Amph.
438 2726 528 2784 1074.
552 2753 593 2764 —
617 2726 688 2783 959.
711 2717 872 2784 liticineet
892 2723 928 2782 A.
952 2753 993 2764 -
1015 2717 1107 2798 ipatae
1124 2721 1191 2780 edd.
1210 2721 1245 2780 R.

118 2855 162 2864 -
187 2821 273 2887 male
293 2840 375 2886 mera
397 2826 452 2899 est,
475 2846 504 2886 r.
528 2825 565 2885 ed
588 2826 666 2885 Men.
691 2829 762 2886 745.
791 2855 833 2867 —
860 2820 945 2886 litae
967 2822 1016 2886 sic
1038 2819 1123 2897 aide,
1157 2845 1184 2883 v.
1209 2824 1246 2883 ed

117 2929 192 2986 Aul.
207 2931 257 2988 46.
297 2930 367 2988 Hoec
389 2949 508 3006 quoque
531 2929 650 2988 Simiam
674 2929 772 2988 dicere
794 2929 871 2990 vidit
888 2928 972 2987 Both.
993 2959 1033 2970 -
1055 2929 1126 2988 960.
1150 2927 1246 2986 Homo

118 3031 250 3090 ridicule
271 3035 368 3110 turpis
390 3052 448 3091 non
471 3039 552 3091 recte
573 3031 725 3110 procedit,
755 3052 856 3092 verum
885 3051 919 3090 ex
942 3038 1124 3103 transverso,
1159 3029 1248 3088 credo

119 3145 157 3190 ut
181 3135 282 3193 rolin
305 3135 439 3195 exeundo
462 3153 571 3211 coquos
601 3135 750 3209 observet,
786 3135 821 3195 cf.
845 3135 940 3195 Oasin.
965 3137 1042 3195 420:
1080 3133 1246 3206 „Recessim

121 3235 203 3296 dabo
225 3258 271 3296 me
294 3237 332 3296 ad
354 3239 514 3317 parietem
538 3237 678 3296 imitabor
696 3259 818 3316 nepam3
841 3237 1028 3316 Captandust
1044 3237 1149 3296 horum
1168 3237 1248 3294 clen-

121 3342 223 3399 culum
245 3361 342 3401 sermo
364 3339 465 3400 mihi“.
511 3340 634 3400 Versum
657 3343 863 3418 incorruptum
885 3342 1016 3400 servarit
1037 3341 1132 3399 Varro
1155 3338 1189 3400 L.
1212 3337 1246 3396 L.

121 3441 190 3514 vn,
215 3445 264 3516 81,
288 3446 340 3521 qni
363 3443 469 3502 deinde
491 3445 533 3502 sic
551 3445 664 3523 pergit:
692 3463 871 3522 „prouersus
893 3441 1004 3501 dicitur
1026 3443 1063 3501 ab
1086 3462 1137 3514 eo,
1167 3441 1248 3517 quod

122 3545 155 3604 in
180 3546 211 3604 id
234 3567 292 3624 quo
314 3549 344 3606 ie
361 3553 406 3606 est
427 3565 544 3618 versus,
578 3551 609 3604 et
630 3546 698 3605 ideo
729 3548 780 3624 qui
803 3547 865 3605 exit
887 3547 918 3603 in
939 3545 1134 3614 vestibulum,
1168 3543 1248 3619 quod

124 3653 264 3708 estante
293 3649 426 3722 domum,
460 3649 582 3728 prodire
605 3655 636 3708 et
662 3649 839 3726 procedere3
873 3649 955 3726 qued
982 3667 1072 3724 quum
1100 3647 1167 3706 lenc
1190 3667 1249 3706 nou

125 3750 246 3825 feceret,
275 3753 328 3812 aed
346 3753 504 3812 secundum
523 3754 669 3830 parietem
691 3757 876 3811 transversus
899 3751 967 3822 iret,
986 3751 1076 3809 dixit:
1100 3755 1134 3808 nt
1149 3755 1247 3806 trene-

127 3875 230 3915 rerene
247 3855 327 3914 cedit
343 3857 428 3933 quasi
448 3874 560 3927 cancer,
582 3875 641 3914 non
658 3873 817 3931 proversus
834 3859 868 3912 ut
884 3851 1001 3912 homo“.
1022 3883 1058 3893 -
1072 3865 1250 3928 peroremus

126 3959 189 4016 sive
223 3952 425 4037 prorsus-(A:
455 3950 586 4036 prosus),
618 3957 653 4016 cf.
678 3957 715 4016 ed
742 3956 807 4016 Mil.
840 3959 931 4017 1186.
987 3950 1082 4029 cedit,
1116 3957 1152 4014 cf.
1177 3957 1248 4014 309.

127 4056 226 4137 quusi,
250 4061 287 4120 cf.
313 4063 382 4122 199.

213 4165 284 4224 961.
308 4164 426 4224 Titulus
447 4164 478 4221 in
497 4165 523 4220 A
545 4163 616 4222 fuit:
651 4161 795 4222 BALLIO
826 4159 1055 4221 PSEUDOLUS
1077 4160 1196 4233 SIMIA,
1220 4181 1249 4219 v.

128 4265 207 4325 [ὃν.
230 4287 260 4344 p.
288 4269 355 4326 170.
405 4267 558 4327 Trocheici
587 4266 764 4344 septenarii3
794 4265 987 4323 Bcenticum
1010 4263 1090 4322 dicit.
1114 4293 1155 4302 -—
1178 4265 1249 4322 962.

127 4367 207 4454 nihil
230 4365 435 4444 etiamdum,
465 4393 492 4430 v.
517 4371 554 4428 ad
578 4368 640 4428 Mil.
666 4370 737 4427 987.
761 4397 803 4408 -
830 4362 1025 4444 carpocrate,
1053 4366 1089 4425 cf.
1116 4367 1184 4425 139.
1213 4393 1250 4406 -
