2960 5000
102 537 136 606 V,
156 540 181 606 2,
205 541 310 594 10-18
596 537 757 593 Pseudolus.

626 727 731 793 Simo

100 835 216 903 Credo
241 835 394 920 equidem
417 836 504 920 polis
528 857 601 900 esse
624 841 667 915 le,
691 837 808 915 scelus,

103 943 247 1011 Massici
268 945 389 1010 montis
412 943 606 1010 uberrumus
630 951 787 1026 quattuor
850 1010 855 1023 .

102 1052 255 1119 Fructus
278 1051 410 1118 ebibere
432 1053 466 1117 iu
489 1051 570 1117 hora
592 1073 667 1117 uua.

557 1170 792 1237 Pseudolus

691 1281 837 1346 Hiberna
859 1280 982 1348 addito.

625 1399 728 1465 Simo

101 1507 208 1574 Haud
232 1509 318 1574 male
341 1467 463 1574 moues.
510 1506 574 1573 Sed
597 1507 791 1586 dictamen,

102 1617 204 1682 Unde
229 1623 383 1684 onustam
407 1616 550 1681 celocem
573 1636 671 1698 agere
694 1621 727 1680 le
750 1617 961 1699 praedicem?

562 1733 791 1800 Pseudolus

102 1843 190 1909 Cum
215 1855 273 1911 tuo
296 1844 364 1910 filio
387 1843 561 1929 perpotaui
585 1843 690 1908 modo.

105 1951 182 2034 Sed,
210 1953 309 2033 Simo,
332 1960 369 2018 ul
391 1952 493 2037 probe
516 1957 626 2016 tuclus
650 1949 756 2016 Ballio
780 1953 846 2019 est!

105 2059 202 2137 Quae
226 2062 289 2127 tibi
312 2061 380 2126 dixi
402 2066 440 2125 ul
462 2058 588 2125 selecta
610 2059 753 2126 reddidi!

626 2200 731 2267 Simo

106 2309 258 2378 Derides.
304 2311 480 2376 Possumus
502 2310 599 2375 homo
624 2319 682 2374 est.

560 2453 788 2518 Pseudolus

709 2561 827 2627 Mulier
849 2561 931 2627 haec
953 2559 1046 2628 facil:

107 2667 191 2736 Cum
214 2677 273 2736 tuo
295 2668 362 2734 filio
385 2668 490 2734 libers
513 2668 665 2734 adcubat.
762 2763 765 2768 ἱ

622 2812 727 2879 Simo

109 2917 230 2984 Omnia
253 2927 289 2984 ul
312 2919 455 3004 quidque
479 2921 573 3003 egisti
597 2920 711 2985 ordiue
734 2922 812 2986 seio.

561 3061 787 3128 Pseudolus

109 3167 197 3246 Quid
221 3190 298 3252 ergo
321 3169 453 3235 dubitas
477 3170 556 3236 dare
580 3170 658 3234 mihi
682 3171 879 3252 argeutum?

624 3311 727 3377 Simo

809 3419 864 3486 Ius
887 3422 984 3505 pelis,
1008 3422 1128 3503 faleor3
1152 3431 1236 3488 leue.

558 3538 786 3605 Pseudolus

110 3641 335 3730 [denegabas
359 3647 514 3712 daturum
537 3669 611 3714 esse
635 3655 667 3712 te
691 3648 786 3728 mihi3
809 3655 919 3715 lemen
943 3648 1028 3733 das]

110 3752 218 3820 Onera
241 3755 327 3820 huuc
349 3756 513 3821 homiuem
535 3777 574 3822 ac
596 3778 647 3821 me
671 3776 880 3839 consequere.

114 3909 328 3918 -—----—-.—-..---

181 3996 245 4048 1305
267 3999 381 4062 potasse
399 4000 427 4049 te
445 3993 498 4049 Bo
573 3997 640 4048 1308
658 3993 1100 4049 Seddicstumeuhaumalemoues
1119 3995 1156 4062 A,
1183 3993 1237 4049 Sed

111 4075 154 4131 dio
173 4083 276 4133 lamen.
296 4079 326 4132 P.
347 4078 409 4133 Hau
428 4080 502 4134 mule
520 4097 618 4134 moues
637 4079 689 4134 Bo
817 4082 882 4134 1309
900 4079 1049 4134 honestam
1171 4082 1238 4135 1310

110 4159 197 4228 Quom
215 4163 243 4218 B
328 4165 386 4218 lilio
405 4164 499 4222 erud
582 4167 747 4235 perportaui
766 4164 818 4220 130
905 4167 968 4220 1311
988 4165 1078 4234 probe
1099 4163 1169 4220 (lum
1187 4171 1236 4220 luo

108 4245 166 4304 filio
185 4249 274 4304 libere
292 4257 414 4319 occupet
431 4249 535 4308 Tactus
554 4257 596 4306 est
615 4251 674 4304 Ball
694 4253 720 4306 A
783 4252 849 4305 1312
867 4257 1015 4320 aequuum
1033 4251 1064 4306 er
1081 4249 1122 4304 A:
1140 4250 1238 4306 Pessu-

110 4349 167 4389 mus
185 4334 272 4389 homo
290 4335 391 4390 Mulier
408 4336 477 4392 haec
495 4336 557 4391 faoi.
585 4335 685 4390 Omnis
708 4337 766 4391 soie
786 4341 818 4390 ul
836 4338 910 4406 quiq.
929 4336 1014 4405 egisti
1032 4335 1132 4392 ordine
1150 4337 1208 4392 scio

112 4422 177 4474 1318
196 4425 281 4488 alque
