2978 5004
558 491 589 550 7.
609 495 751 549 253-293.
1139 503 1201 564 245

93 691 184 760 eunt,
216 688 306 748 Most.
331 693 401 752 944.
429 695 519 752 1134.
553 689 620 748 Ter.
644 690 752 750 Heant.
777 691 847 750 270.
882 689 998 750 Phorm.
1024 695 1094 753 872.
1130 693 1199 753 Hoc.

96 791 172 848 258.
198 790 254 850 Ad.
282 795 350 854 126.
375 823 411 835 -
439 791 494 871 qui
514 795 550 853 A.

188 895 437 974 275.·prcoeome
463 893 609 970 uiciniae,
644 918 671 956 v.
696 895 733 954 ad
756 895 861 954 Bacch.
886 897 956 955 202.
1000 897 1062 956 Iam
1090 919 1126 957 ex
1149 899 1202 958 Lo-

97 999 203 1056 renzio
227 1001 361 1059 novimrm
384 1001 413 1060 h.
438 1001 457 1059 1.
481 1021 540 1059 555
569 1000 663 1058 solum
686 999 711 1056 A
734 1004 765 1056 et
786 997 817 1072 G,
847 999 899 1058 sed
922 1001 1010 1058 etiam
1032 1001 1057 1058 B
1084 1006 1201 1082 „proxi-

98 1095 185 1156 mae“
220 1102 362 1178 prebere,
397 1123 507 1177 errore,
543 1101 640 1175 credo,
674 1103 808 1178 quamvis
836 1101 997 1161 defendant
1030 1107 1060 1162 et
1093 1105 1143 1162 alii
1172 1110 1202 1163 et

100 1201 238 1280 Spengel.
262 1197 389 1264 ed'Ter.
410 1205 504 1265 Andr.
530 1208 569 1264 70
592 1227 621 1283 p.
639 1207 707 1264 151.
733 1235 773 1244 -
797 1206 868 1264 276.
890 1200 1005 1265 malam
1026 1220 1092 1264 rem
1114 1207 1148 1281 A,
1173 1226 1199 1264 v.

101 1305 139 1362 ad
162 1307 230 1365 Anl.
255 1309 327 1368 475.
362 1337 403 1348 -
438 1311 508 1368 278.
541 1303 584 1367 Te
614 1307 685 1367 olim
714 1307 909 1365 emendatum.
933 1337 975 1349 -
999 1310 1068 1368 279.
1099 1303 1202 1384 Uolctp

101 1408 155 1481 est,
189 1410 226 1468 cf.
250 1411 287 1468 ad
311 1413 417 1490 Amph.
443 1413 513 1471 951.
537 1441 579 1450 —
604 1403 689 1485 Quid
708 1403 799 1469 iam?
831 1410 887 1469 cut
908 1405 986 1487 quid
1005 1406 1111 1488 nepoti
1132 1405 1203 1471 eet?

101 1511 136 1568 ci.
161 1511 250 1589 Epid.
276 1517 330 1574 57:
368 1515 463 1589 ,Quid
486 1509 565 1574 iam?
595 1519 648 1572 aut
670 1513 742 1590 quid
771 1509 856 1572 eet?“
903 1511 1048 1572 Fleckeie.
1072 1515 1102 1572 in
1124 1515 1200 1573 Ann.

102 1613 172 1691 phil.
197 1613 235 1673 CI
258 1637 287 1694 p.
313 1621 361 1678 77.
400 1615 496 1693 „hic“,
520 1617 600 1695 quod
621 1615 717 1694 Gepp.
742 1615 826 1675 Stud.
850 1615 879 1674 11
902 1637 931 1694 p.
956 1619 994 1674 24
1017 1619 1048 1675 15
1072 1617 1096 1674 A
1119 1617 1201 1694 legit,

104 1719 228 1777 fortasse
258 1741 294 1779 ex
321 1725 458 1798 proximo
489 1741 577 1781 versu
603 1720 734 1796 irrepsit.
758 1747 801 1757 -
824 1719 895 1778 280.
921 1713 1029 1778 Meno
1053 1721 1123 1778 olim
1146 1739 1199 1778 em.

104 1851 143 1861 -
166 1823 236 1882 281.
263 1821 359 1900 „que“
384 1825 440 1883 del.
466 1823 541 1900 Pyl,
565 1823 601 1882 cl.
625 1821 709 1880 Pers.
735 1823 813 1880 573:
852 1819 883 1894 „1
906 1823 936 1881 in
960 1823 1067 1882 malum
1091 1827 1202 1882 crucia·

105 1921 194 1982 tum“.
235 1925 321 2004 Oapt.
346 1929 407 1986 468
431 1947 496 1986 cnm
519 1947 603 2000 ann.;
627 1925 726 1984 hiatur
749 1927 779 1983 in
802 1923 927 1984 dieresi.
950 1919 1142 1986 insultamus
1164 1925 1200 1985 D.

107 2055 144 2064 -
177 2029 246 2089 282.
276 2029 350 2090 Post
379 2045 454 2090 nam
487 2031 598 2090 hiatur.
621 2057 664 2068 —-
689 2025 772 2102 „hic“
798 2027 855 2087 del.
881 2027 967 2090 Both.
991 2057 1034 2068 -
1057 2030 1126 2087 284.
1151 2021 1202 2087 In·

101 2125 257 2206 pudicum,
287 2153 313 2192 v.
337 2133 375 2192 ad
396 2133 504 2210 Amph.
535 2134 605 2191 920.
630 2161 671 2171 -
693 2125 779 2190 scias
801 2129 912 2207 Haupt.
942 2130 996 2209 op.
1021 2129 1049 2188 11
1070 2153 1100 2210 p.
1128 2133 1202 2206 136;

110 2231 188 2293 Both.
214 2233 306 2309 ,eci“,
341 2255 406 2314 555
434 2235 531 2295 forma
557 2255 616 2295 non
644 2233 763 2293 aliunde
790 2237 861 2292 note
890 2237 944 2292 eet.
968 2229 1203 2294 μ--2851705

110 2332 199 2410 enim,
227 2361 254 2397 v.
279 2339 316 2397 ad
340 2339 430 2398 Most.
458 2339 548 2397 1114.
583 2339 665 2397 Trin.
688 2339 759 2396 705.
785 2367 821 2377 -
848 2337 918 2395 287.
942 2336 1063 2395 51507.
1094 2335 1201 2396 Luchs.

111 2439 202 2500 Herm.
225 2441 300 2500 XIII
323 2465 351 2520 p.
372 2443 449 2500 500:
475 2439 666 2514 „sectatuet“.
692 2471 732 2480 -
756 2441 828 2499 288.
852 2433 900 2500 Di
922 2439 951 2499 te
965 2435 1127 2514 perdant!
1155 2439 1221 2499 Sic¹

110 2541 222 2602 facetias
246 2545 293 2603 vel
324 2547 452 2622 ineptiae
475 2563 610 2622 persone
633 2545 829 2619 colloquentis
857 2545 1024 2620 praesertim
1047 2561 1111 2600 cum
1135 2563 1202 2601 con-

113 2647 179 2705 vicio
208 2649 308 2725 aliquo
342 2651 513 2707 coniunctae
546 2649 697 2724 aspernari
723 2646 868 2719 solebant,
898 2667 924 2706 v.
955 2645 992 2704 ad
1021 2645 1106 2724 capt.
1131 2647 1202 2704 879.

112 2747 187 2807 11555
207 2751 449 2827 imprecationem
466 2751 531 2810 lieri
553 2755 651 2827 potest
673 2755 707 2808 ut
728 2749 805 2808 alter
826 2754 955 2826 regerat,
979 2771 1006 2807 v.
1024 2749 1102 2807 infra
1125 2751 1201 2822 3283

113 2851 156 2908 red
187 2873 242 2912 555
277 2857 374 2914 minue
407 2875 485 2932 eaepe
518 2854 581 2912 haee
613 2853 705 2910 verba
744 2852 818 2910 nihil
852 2851 933 2910 aliud
963 2853 1019 2910 nisi
1046 2852 1202 2911 loriculam

114 2957 248 3030 quandam
294 2958 544 3033 indignationem,
595 2955 747 3015 interdum
791 2975 856 3013 cum
901 2956 964 3012 risu
1008 2957 1203 3032 coniunctam,

114 3059 300 3132 significantia
322 3061 400 3118 elter
426 3080 485 3118 non
508 3066 650 3132 moratur,
679 3081 707 3120 v.
732 3057 769 3115 ed
792 3057 898 3134 Amph.
924 3059 994 3132 734,
1027 3057 1094 3116 add.
1118 3057 1206 3136 (lapt.

116 3161 176 3220 862.
209 3162 294 3240 Epid.
315 3166 364 3222 24.
404 3162 511 3222 Pseud.
539 3163 629 3221 1231.
670 3162 758 3220 Ρ555.
784 3162 854 3219 587.
879 3154 957 3237 (Cae.
984 3163 1044 3220 257
1067 3162 1124 3220 huc
1147 3183 1226 3225 non.

117 3265 254 3338 pertinet).
300 3265 448 3324 Errarunt
477 3267 570 3342 igitur
598 3267 649 3342 qni
677 3263 705 3323 h.
729 3265 749 3324 l.
779 3263 1000 3323 Palaeetrionem
1028 3271 1206 3324 censuerunt

117 3369 343 3445 aretorqnenda
370 3371 580 3447 imprecatione
610 3371 749 3444 incipere,
780 3369 864 3444 quasi
897 3373 944 3441 „te
972 3368 1049 3426 istuc
1078 3389 1205 3446 aequum

118 3475 163 3542 eet,
185 3479 267 3531 seut
286 3474 315 3531 di
339 3470 479 3544 faciant“,
505 3471 610 3530 deinde
629 3471 704 3548 παρὰ
727 3471 894 3547 προσδοκίαν
917 3473 1093 3530 sententiam
1117 3475 1205 3531 aliter

119 3575 284 3649 continuare,
315 3579 350 3634 nt
373 3575 401 3634 te
423 3573 589 3633 subiectum
613 3577 652 3632 eit
675 3574 758 3634 verbi
780 3569 898 3649 eloqui,
929 3593 1053 3650 qnorum
1077 3595 1129 3633 555
1153 3577 1205 3634 illa

120 3673 217 3752 ellipsis
238 3697 333 3756 neque
356 3678 419 3736 haec
442 3679 570 3736 inversio
591 3679 663 3736 ferri
691 3683 800 3754 potest.
845 3677 936 3735 Immo
958 3675 1115 3737 Palaeetrio
1138 3678 1204 3738 855·

120 3769 184 3836 ledri
205 3781 443 3857 imprecationem
464 3801 524 3839 555
542 3801 647 3839 curan·
671 3781 848 3857 simpliciter
868 3780 976 3858 pergit,
1001 3799 1040 3852 55,
1065 3783 1204 3858 quoniam

122 3877 163 3936 ille
183 3901 240 3942 rem
260 3903 384 3942 narrare
406 3885 559 3960 inceperit,
583 3885 641 3942 iam
664 3903 723 3942 non
745 3903 881 3942 recusare
899 3901 959 3960 qno
978 3885 1074 3940 minus
1093 3884 1207 3968 audiat.

124 3995 243 4060 aequom,
269 4008 307 4046 55.
332 3993 386 4059 eat,
416 3986 497 4064 quod
520 3985 554 4045 R.
579 3985 704 4060 addidit,
729 4006 756 4045 v.
781 3987 819 4045 ad
840 3985 947 4064 Amph.
973 3986 1043 4044 590.
1067 4015 1107 4024 -
1132 3987 1203 4048 290.

124 4076 166 4141 illi
184 4087 290 4147 Acidal.
312 4119 356 4130 -
377 4105 447 4149 cum
476 4083 584 4163 altere,
620 4089 655 4148 51.
688 4091 764 4163 322;
799 4109 855 4169 per
884 4088 1100 4166 appositionem
1134 4088 1204 4147 addi

127 4189 242 4257 proxime
278 4191 487 4251 animadvertit
520 4191 587 4251 Ler.
626 4221 664 4233 -
695 4193 765 4252 292.
795 4186 955 4268 ProfectO,
996 4209 1023 4248 v.
1059 4192 1097 4250 ad
1133 4193 1201 4250 186.

129 4283 251 4351 11551515.
275 4293 417 4368 „Herele“
443 4295 614 4368 substituit;
638 4295 734 4354 Bentl.
761 4295 865 4368 „Quod
883 4291 967 4371 ego“.
1003 4293 1088 4353 Bibb.
1105 4293 1202 4368 „Ede-

130 4387 196 4461 1⁰1⁴·
218 4423 250 4433 -
273 4391 392 4459 Tutin?
413 4402 433 4458 i.
458 4418 482 4457 e.
507 4397 642 4459 Tutene?
677 4429 718 4439 -
752 4393 963 4475 293.At1‚i.
988 4417 1012 4458 5.
1037 4396 1147 4473 (155155,
1171 4417 1197 4458 v.
