<?xml version="1.0" encoding="UTF-8"?>
<!DOCTYPE html PUBLIC "-//W3C//DTD XHTML 1.0 Transitional//EN"
    "http://www.w3.org/TR/xhtml1/DTD/xhtml1-transitional.dtd">
<html xmlns="http://www.w3.org/1999/xhtml" xml:lang="en" lang="en">
 <head>
  <title>
</title>
<meta http-equiv="Content-Type" content="text/html;charset=utf-8" />
  <meta name='ocr-system' content='tesseract 3.04.00' />
  <meta name='ocr-capabilities' content='ocr_page ocr_carea ocr_par ocr_line ocrx_word'/>
</head>
<body>
  <div class='ocr_page' id='page_1' title='image "./missing/tmacciiplautico01ussigoog/tmacciiplautico01ussigoog_0595.png"; bbox 0 0 2982 5000; ppageno 0'>
   <div class='ocr_carea' id='block_1_1' title="bbox 255 437 896 506">
    <p class='ocr_par' dir='ltr' id='par_1_1' title="bbox 255 437 896 506">
     <span class='ocr_line' id='line_1_1' title="bbox 255 437 896 506; baseline -0.003 -13"><span class='ocrx_word' id='word_1_1' title='bbox 255 443 317 506; x_wconf 73' lang='lat'><strong>220</strong></span> <span class='ocrx_word' id='word_1_2' title='bbox 735 437 896 494; x_wconf 87' lang='lat' dir='ltr'><strong>Pseudolus.</strong></span> 
     </span>
    </p>
   </div>
   <div class='ocr_carea' id='block_1_2' title="bbox 254 631 1390 710">
    <p class='ocr_par' dir='ltr' id='par_1_2' title="bbox 254 631 1390 710">
     <span class='ocr_line' id='line_1_2' title="bbox 254 631 1390 710; baseline -0.002 -18"><span class='ocrx_word' id='word_1_3' title='bbox 254 635 348 692; x_wconf 89' lang='lat' dir='ltr'><strong>mines</strong></span> <span class='ocrx_word' id='word_1_4' title='bbox 377 632 502 692; x_wconf 86' lang='lat' dir='ltr'><strong>reddere</strong></span> <span class='ocrx_word' id='word_1_5' title='bbox 532 633 656 710; x_wconf 78' lang='lat' dir='ltr'><strong>cogitur.</strong></span> <span class='ocrx_word' id='word_1_6' title='bbox 712 633 786 692; x_wconf 85' lang='lat' dir='ltr'><strong>Turn</strong></span> <span class='ocrx_word' id='word_1_7' title='bbox 816 631 980 692; x_wconf 74' lang='lat' dir='ltr'>Pseudolus</span> <span class='ocrx_word' id='word_1_8' title='bbox 1014 653 1050 692; x_wconf 83' lang='lat' dir='ltr'><strong>ex</strong></span> <span class='ocrx_word' id='word_1_9' title='bbox 1083 634 1220 692; x_wconf 84' lang='lat' dir='ltr'><strong>convivio</strong></span> <span class='ocrx_word' id='word_1_10' title='bbox 1248 633 1390 693; x_wconf 76' lang='lat' dir='ltr'><strong>Calidori</strong></span> 
     </span>
    </p>
   </div>
   <div class='ocr_carea' id='block_1_3' title="bbox 255 733 1477 813">
    <p class='ocr_par' dir='ltr' id='par_1_3' title="bbox 255 733 1477 813">
     <span class='ocr_line' id='line_1_3' title="bbox 255 733 1477 813; baseline -0.002 -19"><span class='ocrx_word' id='word_1_11' title='bbox 255 736 354 794; x_wconf 86' lang='lat' dir='ltr'><strong>ebrius</strong></span> <span class='ocrx_word' id='word_1_12' title='bbox 375 735 463 806; x_wconf 83' lang='lat' dir='ltr'><strong>redit,</strong></span> <span class='ocrx_word' id='word_1_13' title='bbox 487 741 522 794; x_wconf 89' lang='lat' dir='ltr'><strong>ut</strong></span> <span class='ocrx_word' id='word_1_14' title='bbox 544 733 698 796; x_wconf 75' lang='lat' dir='ltr'><strong>adimens</strong></span> <span class='ocrx_word' id='word_1_15' title='bbox 720 734 792 793; x_wconf 92' lang='lat' dir='ltr'><strong>hero</strong></span> <span class='ocrx_word' id='word_1_16' title='bbox 814 735 923 810; x_wconf 77' lang='lat' dir='ltr'><strong>viginti</strong></span> <span class='ocrx_word' id='word_1_17' title='bbox 941 737 1034 795; x_wconf 88' lang='lat' dir='ltr'><strong>minas</strong></span> <span class='ocrx_word' id='word_1_18' title='bbox 1052 735 1108 793; x_wconf 89' lang='lat' dir='ltr'><strong>sibi</strong></span> <span class='ocrx_word' id='word_1_19' title='bbox 1125 738 1288 813; x_wconf 87' lang='lat' dir='ltr'><strong>promissas</strong></span> <span class='ocrx_word' id='word_1_20' title='bbox 1310 737 1390 794; x_wconf 78' lang='lat' dir='ltr'><strong>scci-</strong></span> <span class='ocrx_word' id='word_1_21' title='bbox 1476 734 1477 744; x_wconf 75' lang='grc'>’</span> 
     </span>
    </p>
   </div>
   <div class='ocr_carea' id='block_1_4' title="bbox 250 835 1392 4397">
    <p class='ocr_par' dir='ltr' id='par_1_4' title="bbox 254 835 1392 1326">
     <span class='ocr_line' id='line_1_4' title="bbox 254 835 1390 916; baseline -0.003 -19"><span class='ocrx_word' id='word_1_22' title='bbox 254 841 328 916; x_wconf 90' lang='lat' dir='ltr'><strong>piat.</strong></span> <span class='ocrx_word' id='word_1_23' title='bbox 383 837 444 898; x_wconf 85' lang='lat' dir='ltr'><strong>llec</strong></span> <span class='ocrx_word' id='word_1_24' title='bbox 467 839 492 896; x_wconf 88' lang='lat' dir='ltr'><strong>is</strong></span> <span class='ocrx_word' id='word_1_25' title='bbox 520 836 642 898; x_wconf 85' lang='lat' dir='ltr'><strong>inlitisri</strong></span> <span class='ocrx_word' id='word_1_26' title='bbox 670 836 775 909; x_wconf 87' lang='lat' dir='ltr'><strong>audet,</strong></span> <span class='ocrx_word' id='word_1_27' title='bbox 809 835 861 896; x_wconf 89' lang='lat' dir='ltr'><strong>sed</strong></span> <span class='ocrx_word' id='word_1_28' title='bbox 890 839 1044 898; x_wconf 87' lang='lat' dir='ltr'><strong>summisse</strong></span> <span class='ocrx_word' id='word_1_29' title='bbox 1073 845 1231 916; x_wconf 73' lang='lat' dir='ltr'>precatur,</span> <span class='ocrx_word' id='word_1_30' title='bbox 1264 845 1306 898; x_wconf 91' lang='lat' dir='ltr'><strong>nt</strong></span> <span class='ocrx_word' id='word_1_31' title='bbox 1331 837 1390 896; x_wconf 91' lang='lat' dir='ltr'><strong>sibi</strong></span> 
     </span>
     <span class='ocr_line' id='line_1_5' title="bbox 254 939 1391 1018; baseline -0.002 -18"><span class='ocrx_word' id='word_1_32' title='bbox 254 941 356 1018; x_wconf 85' lang='lat' dir='ltr'><strong>eliqua</strong></span> <span class='ocrx_word' id='word_1_33' title='bbox 383 943 487 1000; x_wconf 89' lang='lat' dir='ltr'><strong>saltem</strong></span> <span class='ocrx_word' id='word_1_34' title='bbox 517 959 587 1017; x_wconf 87' lang='lat' dir='ltr'><strong>pars</strong></span> <span class='ocrx_word' id='word_1_35' title='bbox 616 942 748 1018; x_wconf 83' lang='lat' dir='ltr'><strong>pecuniae</strong></span> <span class='ocrx_word' id='word_1_36' title='bbox 776 939 928 999; x_wconf 78' lang='lat' dir='ltr'><strong>reddatur.</strong></span> <span class='ocrx_word' id='word_1_37' title='bbox 988 939 1028 998; x_wconf 82' lang='lat' dir='ltr'><strong>Et</strong></span> <span class='ocrx_word' id='word_1_38' title='bbox 1049 959 1152 998; x_wconf 88' lang='lat' dir='ltr'><strong>servus</strong></span> <span class='ocrx_word' id='word_1_39' title='bbox 1175 941 1316 1018; x_wconf 85' lang='lat' dir='ltr'><strong>quidem,</strong></span> <span class='ocrx_word' id='word_1_40' title='bbox 1354 960 1391 998; x_wconf 87' lang='lat' dir='ltr'><strong>ne</strong></span> 
     </span>
     <span class='ocr_line' id='line_1_6' title="bbox 254 1042 1392 1122; baseline -0.001 -21"><span class='ocrx_word' id='word_1_41' title='bbox 254 1045 285 1102; x_wconf 91' lang='lat' dir='ltr'><strong>in</strong></span> <span class='ocrx_word' id='word_1_42' title='bbox 307 1049 460 1122; x_wconf 86' lang='lat' dir='ltr'><strong>posterum</strong></span> <span class='ocrx_word' id='word_1_43' title='bbox 488 1042 545 1100; x_wconf 89' lang='lat' dir='ltr'><strong>sibi</strong></span> <span class='ocrx_word' id='word_1_44' title='bbox 573 1061 668 1120; x_wconf 88' lang='lat' dir='ltr'><strong>poena</strong></span> <span class='ocrx_word' id='word_1_45' title='bbox 695 1043 880 1120; x_wconf 72' lang='lat' dir='ltr'><strong>impendent,</strong></span> <span class='ocrx_word' id='word_1_46' title='bbox 914 1061 972 1101; x_wconf 89' lang='lat' dir='ltr'><strong>non</strong></span> <span class='ocrx_word' id='word_1_47' title='bbox 995 1047 1184 1120; x_wconf 70' lang='lat' dir='ltr'><strong>aspernatur,</strong></span> <span class='ocrx_word' id='word_1_48' title='bbox 1219 1061 1253 1101; x_wconf 88' lang='lat' dir='ltr'><strong>ea</strong></span> <span class='ocrx_word' id='word_1_49' title='bbox 1278 1049 1392 1101; x_wconf 70' lang='lat' dir='ltr'><strong>tanam</strong></span> 
     </span>
     <span class='ocr_line' id='line_1_7' title="bbox 254 1143 1391 1222; baseline -0.002 -18"><span class='ocrx_word' id='word_1_50' title='bbox 254 1145 436 1218; x_wconf 89' lang='lat' dir='ltr'><strong>condicione,</strong></span> <span class='ocrx_word' id='word_1_51' title='bbox 461 1151 496 1204; x_wconf 87' lang='lat' dir='ltr'><strong>nt</strong></span> <span class='ocrx_word' id='word_1_52' title='bbox 517 1165 605 1204; x_wconf 82' lang='lat' dir='ltr'><strong>senex</strong></span> <span class='ocrx_word' id='word_1_53' title='bbox 628 1165 659 1202; x_wconf 90' lang='lat' dir='ltr'><strong>se</strong></span> <span class='ocrx_word' id='word_1_54' title='bbox 681 1147 712 1204; x_wconf 94' lang='lat' dir='ltr'><strong>in</strong></span> <span class='ocrx_word' id='word_1_55' title='bbox 735 1145 903 1204; x_wconf 78' lang='lat' dir='ltr'><strong>convivium</strong></span> <span class='ocrx_word' id='word_1_56' title='bbox 926 1149 1069 1222; x_wconf 83' lang='lat' dir='ltr'><strong>sequetur</strong></span> <span class='ocrx_word' id='word_1_57' title='bbox 1086 1149 1199 1204; x_wconf 87' lang='lat' dir='ltr'><strong>etcum</strong></span> <span class='ocrx_word' id='word_1_58' title='bbox 1217 1143 1279 1204; x_wconf 85' lang='lat' dir='ltr'><strong>filio</strong></span> <span class='ocrx_word' id='word_1_59' title='bbox 1306 1151 1391 1203; x_wconf 84' lang='lat' dir='ltr'><strong>cete·</strong></span> 
     </span>
     <span class='ocr_line' id='line_1_8' title="bbox 254 1251 468 1326; baseline -0.009 -18"><span class='ocrx_word' id='word_1_60' title='bbox 254 1251 352 1325; x_wconf 88' lang='lat' dir='ltr'><strong>risque</strong></span> <span class='ocrx_word' id='word_1_61' title='bbox 375 1254 468 1326; x_wconf 86' lang='lat' dir='ltr'><strong>potet.</strong></span> 
     </span>
    </p>

    <p class='ocr_par' dir='ltr' id='par_1_5' title="bbox 250 1346 1392 3880">
     <span class='ocr_line' id='line_1_9' title="bbox 339 1346 1390 1436; baseline 0 -29"><span class='ocrx_word' id='word_1_62' title='bbox 339 1349 453 1409; x_wconf 82' lang='lat' dir='ltr'><strong>Pabula</strong></span> <span class='ocrx_word' id='word_1_63' title='bbox 481 1355 526 1408; x_wconf 91' lang='lat' dir='ltr'><strong>eat</strong></span> <span class='ocrx_word' id='word_1_64' title='bbox 554 1355 584 1407; x_wconf 89' lang='lat' dir='ltr'><strong>et</strong></span> <span class='ocrx_word' id='word_1_65' title='bbox 609 1349 720 1436; x_wconf 80' lang='lat' dir='ltr'><strong>¹festiva</strong></span> <span class='ocrx_word' id='word_1_66' title='bbox 742 1347 901 1408; x_wconf 86' lang='lat' dir='ltr'><strong>admodum</strong></span> <span class='ocrx_word' id='word_1_67' title='bbox 924 1355 954 1407; x_wconf 90' lang='lat' dir='ltr'><strong>et</strong></span> <span class='ocrx_word' id='word_1_68' title='bbox 977 1352 1091 1428; x_wconf 89' lang='lat' dir='ltr'><strong>optime</strong></span> <span class='ocrx_word' id='word_1_69' title='bbox 1112 1356 1236 1408; x_wconf 81' lang='lat' dir='ltr'><strong>morata.</strong></span> <span class='ocrx_word' id='word_1_70' title='bbox 1282 1346 1390 1408; x_wconf 85' lang='lat' dir='ltr'><strong>Confi·</strong></span> 
     </span>
     <span class='ocr_line' id='line_1_10' title="bbox 255 1451 1391 1530; baseline 0 -20"><span class='ocrx_word' id='word_1_71' title='bbox 255 1453 385 1512; x_wconf 88' lang='lat' dir='ltr'><strong>dentiam</strong></span> <span class='ocrx_word' id='word_1_72' title='bbox 415 1454 492 1512; x_wconf 84' lang='lat' dir='ltr'><strong>servi</strong></span> <span class='ocrx_word' id='word_1_73' title='bbox 523 1451 625 1510; x_wconf 87' lang='lat' dir='ltr'><strong>callidi</strong></span> <span class='ocrx_word' id='word_1_74' title='bbox 653 1471 719 1512; x_wconf 89' lang='lat' dir='ltr'><strong>cnm</strong></span> <span class='ocrx_word' id='word_1_75' title='bbox 746 1451 899 1511; x_wconf 69' lang='lat' dir='ltr'><strong>hilaritate</strong></span> <span class='ocrx_word' id='word_1_76' title='bbox 929 1455 1131 1524; x_wconf 81' lang='lat' dir='ltr'><strong>coniunctam,</strong></span> <span class='ocrx_word' id='word_1_77' title='bbox 1162 1451 1391 1530; x_wconf 78' lang='lat' dir='ltr'><strong>turpitudinem</strong></span> 
     </span>
     <span class='ocr_line' id='line_1_11' title="bbox 253 1553 1391 1630; baseline -0.002 -16"><span class='ocrx_word' id='word_1_78' title='bbox 253 1555 369 1614; x_wconf 85' lang='lat' dir='ltr'><strong>lenonie</strong></span> <span class='ocrx_word' id='word_1_79' title='bbox 398 1554 567 1614; x_wconf 86' lang='lat' dir='ltr'><strong>certissimis</strong></span> <span class='ocrx_word' id='word_1_80' title='bbox 595 1559 625 1612; x_wconf 87' lang='lat' dir='ltr'><strong>et</strong></span> <span class='ocrx_word' id='word_1_81' title='bbox 652 1553 832 1614; x_wconf 75' lang='lat' dir='ltr'><strong>foedissimis</strong></span> <span class='ocrx_word' id='word_1_82' title='bbox 855 1553 1004 1614; x_wconf 87' lang='lat' dir='ltr'><strong>coloribus</strong></span> <span class='ocrx_word' id='word_1_83' title='bbox 1027 1555 1220 1630; x_wconf 74' lang='lat' dir='ltr'><strong>descriptam,</strong></span> <span class='ocrx_word' id='word_1_84' title='bbox 1250 1574 1391 1613; x_wconf 85' lang='lat' dir='ltr'><strong>amorem</strong></span> 
     </span>
     <span class='ocr_line' id='line_1_12' title="bbox 253 1657 1392 1736; baseline 0 -20"><span class='ocrx_word' id='word_1_85' title='bbox 253 1657 361 1736; x_wconf 84' lang='lat' dir='ltr'><strong>puellae</strong></span> <span class='ocrx_word' id='word_1_86' title='bbox 394 1663 425 1716; x_wconf 86' lang='lat' dir='ltr'><strong>et</strong></span> <span class='ocrx_word' id='word_1_87' title='bbox 453 1657 664 1727; x_wconf 84' lang='lat' dir='ltr'><strong>adnleseentia,</strong></span> <span class='ocrx_word' id='word_1_88' title='bbox 699 1657 856 1716; x_wconf 85' lang='lat' dir='ltr'><strong>avaritiam</strong></span> <span class='ocrx_word' id='word_1_89' title='bbox 891 1659 984 1728; x_wconf 89' lang='lat' dir='ltr'><strong>senis,</strong></span> <span class='ocrx_word' id='word_1_90' title='bbox 1019 1657 1239 1734; x_wconf 89' lang='lat' dir='ltr'><strong>simplicitatem</strong></span> <span class='ocrx_word' id='word_1_91' title='bbox 1272 1659 1392 1717; x_wconf 85' lang='lat' dir='ltr'><strong>caculas</strong></span> 
     </span>
     <span class='ocr_line' id='line_1_13' title="bbox 254 1758 1390 1838; baseline -0.003 -19"><span class='ocrx_word' id='word_1_92' title='bbox 254 1761 371 1838; x_wconf 84' lang='lat' dir='ltr'><strong>aliaque</strong></span> <span class='ocrx_word' id='word_1_93' title='bbox 394 1761 488 1818; x_wconf 88' lang='lat' dir='ltr'><strong>multa</strong></span> <span class='ocrx_word' id='word_1_94' title='bbox 517 1761 567 1820; x_wconf 84' lang='lat' dir='ltr'><strong>vix</strong></span> <span class='ocrx_word' id='word_1_95' title='bbox 595 1761 667 1818; x_wconf 85' lang='lat' dir='ltr'><strong>sctis</strong></span> <span class='ocrx_word' id='word_1_96' title='bbox 696 1758 880 1832; x_wconf 76' lang='lat' dir='ltr'><strong>laudaveris,</strong></span> <span class='ocrx_word' id='word_1_97' title='bbox 916 1765 950 1818; x_wconf 90' lang='lat' dir='ltr'><strong>nt</strong></span> <span class='ocrx_word' id='word_1_98' title='bbox 977 1760 1084 1818; x_wconf 88' lang='lat' dir='ltr'><strong>merito</strong></span> <span class='ocrx_word' id='word_1_99' title='bbox 1106 1759 1270 1818; x_wconf 84' lang='lat' dir='ltr'><strong>Pseudolus</strong></span> <span class='ocrx_word' id='word_1_100' title='bbox 1303 1763 1390 1818; x_wconf 88' lang='lat' dir='ltr'><strong>inter</strong></span> 
     </span>
     <span class='ocr_line' id='line_1_14' title="bbox 254 1861 1391 1940; baseline -0.001 -20"><span class='ocrx_word' id='word_1_101' title='bbox 254 1865 512 1940; x_wconf 83' lang='lat' dir='ltr'><strong>praestantissimas</strong></span> <span class='ocrx_word' id='word_1_102' title='bbox 539 1861 640 1920; x_wconf 86' lang='lat' dir='ltr'><strong>Plauti</strong></span> <span class='ocrx_word' id='word_1_103' title='bbox 667 1861 834 1920; x_wconf 88' lang='lat' dir='ltr'><strong>comoedias</strong></span> <span class='ocrx_word' id='word_1_104' title='bbox 867 1881 984 1938; x_wconf 85' lang='lat' dir='ltr'><strong>semper</strong></span> <span class='ocrx_word' id='word_1_105' title='bbox 1018 1861 1122 1921; x_wconf 83' lang='lat' dir='ltr'><strong>hebita</strong></span> <span class='ocrx_word' id='word_1_106' title='bbox 1156 1865 1197 1932; x_wconf 82' lang='lat' dir='ltr'><strong>sit</strong></span> <span class='ocrx_word' id='word_1_107' title='bbox 1234 1863 1391 1939; x_wconf 80' lang='lat' dir='ltr'><strong>vulgoque</strong></span> 
     </span>
     <span class='ocr_line' id='line_1_15' title="bbox 253 1963 1389 2036; baseline 0 -14"><span class='ocrx_word' id='word_1_108' title='bbox 253 1965 388 2024; x_wconf 89' lang='lat' dir='ltr'><strong>omnibus</strong></span> <span class='ocrx_word' id='word_1_109' title='bbox 411 1969 482 2024; x_wconf 88' lang='lat' dir='ltr'><strong>nota</strong></span> <span class='ocrx_word' id='word_1_110' title='bbox 505 1965 603 2023; x_wconf 85' lang='lat' dir='ltr'><strong>luerit.</strong></span> <span class='ocrx_word' id='word_1_111' title='bbox 640 1963 736 2024; x_wconf 87' lang='lat' dir='ltr'><strong>Notus</strong></span> <span class='ocrx_word' id='word_1_112' title='bbox 755 1971 801 2023; x_wconf 87' lang='lat' dir='ltr'><strong>est</strong></span> <span class='ocrx_word' id='word_1_113' title='bbox 819 1963 969 2024; x_wconf 77' lang='lat' dir='ltr'><strong>Ciceronis</strong></span> <span class='ocrx_word' id='word_1_114' title='bbox 986 1964 1071 2023; x_wconf 88' lang='lat' dir='ltr'><strong>locus</strong></span> <span class='ocrx_word' id='word_1_115' title='bbox 1087 1965 1152 2024; x_wconf 83' lang='lat' dir='ltr'><strong>Get.</strong></span> <span class='ocrx_word' id='word_1_116' title='bbox 1171 1964 1242 2024; x_wconf 80' lang='lat' dir='ltr'><strong>Mai.</strong></span> <span class='ocrx_word' id='word_1_117' title='bbox 1258 1967 1306 2036; x_wconf 83' lang='lat'><strong>14,</strong></span> <span class='ocrx_word' id='word_1_118' title='bbox 1331 1967 1389 2025; x_wconf 84' lang='lat'><strong>50:</strong></span> 
     </span>
     <span class='ocr_line' id='line_1_16' title="bbox 258 2065 1390 2144; baseline 0.002 -20"><span class='ocrx_word' id='word_1_119' title='bbox 258 2065 369 2138; x_wconf 81' lang='lat' dir='ltr'><strong>,Quem</strong></span> <span class='ocrx_word' id='word_1_120' title='bbox 398 2065 547 2142; x_wconf 82' lang='lat' dir='ltr'><strong>gaudebat</strong></span> <span class='ocrx_word' id='word_1_121' title='bbox 574 2065 652 2124; x_wconf 87' lang='lat' dir='ltr'><strong>bello</strong></span> <span class='ocrx_word' id='word_1_122' title='bbox 680 2085 734 2126; x_wconf 90' lang='lat' dir='ltr'><strong>suc</strong></span> <span class='ocrx_word' id='word_1_123' title='bbox 763 2065 875 2126; x_wconf 89' lang='lat' dir='ltr'><strong>Punico</strong></span> <span class='ocrx_word' id='word_1_124' title='bbox 910 2065 1044 2139; x_wconf 69' lang='lat' dir='ltr'><strong>Naevius,</strong></span> <span class='ocrx_word' id='word_1_125' title='bbox 1078 2087 1167 2144; x_wconf 85' lang='lat' dir='ltr'><strong>qnam</strong></span> <span class='ocrx_word' id='word_1_126' title='bbox 1201 2068 1390 2126; x_wconf 72' lang='lat' dir='ltr'><strong>Truculento</strong></span> 
     </span>
     <span class='ocr_line' id='line_1_17' title="bbox 253 2163 1388 2246; baseline 0 -18"><span class='ocrx_word' id='word_1_127' title='bbox 253 2169 388 2242; x_wconf 89' lang='lat' dir='ltr'><strong>Plautus,</strong></span> <span class='ocrx_word' id='word_1_128' title='bbox 411 2187 499 2246; x_wconf 84' lang='lat' dir='ltr'><strong>quem</strong></span> <span class='ocrx_word' id='word_1_129' title='bbox 520 2163 700 2229; x_wconf 88' lang='lat' dir='ltr'><strong>Pseudolo!“</strong></span> <span class='ocrx_word' id='word_1_130' title='bbox 747 2167 843 2228; x_wconf 85' lang='lat' dir='ltr'><strong>Notus</strong></span> <span class='ocrx_word' id='word_1_131' title='bbox 866 2170 957 2228; x_wconf 87' lang='lat' dir='ltr'><strong>etiam</strong></span> <span class='ocrx_word' id='word_1_132' title='bbox 981 2169 1056 2228; x_wconf 85' lang='lat' dir='ltr'><strong>elter</strong></span> <span class='ocrx_word' id='word_1_133' title='bbox 1078 2171 1169 2244; x_wconf 86' lang='lat' dir='ltr'><strong>locus,</strong></span> <span class='ocrx_word' id='word_1_134' title='bbox 1192 2171 1245 2228; x_wconf 89' lang='lat' dir='ltr'><strong>nbi</strong></span> <span class='ocrx_word' id='word_1_135' title='bbox 1266 2170 1388 2228; x_wconf 88' lang='lat' dir='ltr'><strong>lenonis</strong></span> 
     </span>
     <span class='ocr_line' id='line_1_18' title="bbox 253 2271 1388 2350; baseline 0.002 -20"><span class='ocrx_word' id='word_1_136' title='bbox 253 2290 396 2350; x_wconf 88' lang='lat' dir='ltr'><strong>persona,</strong></span> <span class='ocrx_word' id='word_1_137' title='bbox 437 2271 468 2328; x_wconf 91' lang='lat' dir='ltr'><strong>in</strong></span> <span class='ocrx_word' id='word_1_138' title='bbox 504 2291 562 2348; x_wconf 89' lang='lat' dir='ltr'><strong>qua</strong></span> <span class='ocrx_word' id='word_1_139' title='bbox 597 2271 711 2348; x_wconf 82' lang='lat' dir='ltr'><strong>agenda</strong></span> <span class='ocrx_word' id='word_1_140' title='bbox 746 2271 872 2330; x_wconf 88' lang='lat' dir='ltr'><strong>Roscius</strong></span> <span class='ocrx_word' id='word_1_141' title='bbox 907 2271 959 2329; x_wconf 93' lang='lat' dir='ltr'><strong>ille</strong></span> <span class='ocrx_word' id='word_1_142' title='bbox 988 2271 1165 2346; x_wconf 84' lang='lat' dir='ltr'><strong>excellebat,</strong></span> <span class='ocrx_word' id='word_1_143' title='bbox 1200 2273 1388 2332; x_wconf 85' lang='lat' dir='ltr'><strong>describitur</strong></span> 
     </span>
     <span class='ocr_line' id='line_1_19' title="bbox 253 2373 1386 2452; baseline 0 -20"><span class='ocrx_word' id='word_1_144' title='bbox 253 2377 338 2450; x_wconf 89' lang='lat' dir='ltr'><strong>sique</strong></span> <span class='ocrx_word' id='word_1_145' title='bbox 369 2373 536 2434; x_wconf 89' lang='lat' dir='ltr'><strong>simillimus</strong></span> <span class='ocrx_word' id='word_1_146' title='bbox 565 2393 629 2431; x_wconf 89' lang='lat' dir='ltr'><strong>esse</strong></span> <span class='ocrx_word' id='word_1_147' title='bbox 657 2373 766 2432; x_wconf 88' lang='lat' dir='ltr'><strong>dicitur</strong></span> <span class='ocrx_word' id='word_1_148' title='bbox 795 2379 951 2432; x_wconf 87' lang='lat' dir='ltr'><strong>accusator</strong></span> <span class='ocrx_word' id='word_1_149' title='bbox 979 2373 1114 2448; x_wconf 81' lang='lat' dir='ltr'><strong>Chaerea,</strong></span> <span class='ocrx_word' id='word_1_150' title='bbox 1149 2375 1210 2436; x_wconf 83' lang='lat' dir='ltr'><strong>(lic.</strong></span> <span class='ocrx_word' id='word_1_151' title='bbox 1239 2395 1270 2452; x_wconf 91' lang='lat' dir='ltr'><strong>p.</strong></span> <span class='ocrx_word' id='word_1_152' title='bbox 1293 2375 1386 2434; x_wconf 80' lang='lat' dir='ltr'><strong>Ruso.</strong></span> 
     </span>
     <span class='ocr_line' id='line_1_20' title="bbox 253 2475 1382 2555; baseline -0.001 -21"><span class='ocrx_word' id='word_1_153' title='bbox 253 2496 325 2534; x_wconf 88' lang='lat' dir='ltr'><strong>com.</strong></span> <span class='ocrx_word' id='word_1_154' title='bbox 351 2479 379 2548; x_wconf 84' lang='grc'><strong>7,</strong></span> <span class='ocrx_word' id='word_1_155' title='bbox 404 2478 457 2534; x_wconf 80' lang='lat'><strong>20:</strong></span> <span class='ocrx_word' id='word_1_156' title='bbox 504 2475 627 2546; x_wconf 85' lang='lat' dir='ltr'><strong>,Nonne</strong></span> <span class='ocrx_word' id='word_1_157' title='bbox 662 2477 760 2554; x_wconf 87' lang='lat' dir='ltr'><strong>ipsum</strong></span> <span class='ocrx_word' id='word_1_158' title='bbox 794 2481 885 2554; x_wconf 84' lang='lat' dir='ltr'><strong>capnt</strong></span> <span class='ocrx_word' id='word_1_159' title='bbox 918 2481 949 2535; x_wconf 90' lang='lat' dir='ltr'><strong>et</strong></span> <span class='ocrx_word' id='word_1_160' title='bbox 983 2477 1143 2555; x_wconf 82' lang='lat' dir='ltr'><strong>supercilia</strong></span> <span class='ocrx_word' id='word_1_161' title='bbox 1176 2477 1228 2537; x_wconf 87' lang='lat' dir='ltr'><strong>illa</strong></span> <span class='ocrx_word' id='word_1_162' title='bbox 1258 2479 1382 2554; x_wconf 88' lang='lat' dir='ltr'><strong>penitus</strong></span> 
     </span>
     <span class='ocr_line' id='line_1_21' title="bbox 251 2578 1383 2640; baseline -0.002 -2"><span class='ocrx_word' id='word_1_163' title='bbox 251 2579 359 2638; x_wconf 85' lang='lat' dir='ltr'><strong>abrasa</strong></span> <span class='ocrx_word' id='word_1_164' title='bbox 381 2580 462 2638; x_wconf 87' lang='lat' dir='ltr'><strong>olere</strong></span> <span class='ocrx_word' id='word_1_165' title='bbox 483 2579 628 2638; x_wconf 87' lang='lat' dir='ltr'><strong>malitiam</strong></span> <span class='ocrx_word' id='word_1_166' title='bbox 652 2584 683 2637; x_wconf 85' lang='lat' dir='ltr'><strong>st</strong></span> <span class='ocrx_word' id='word_1_167' title='bbox 705 2579 858 2638; x_wconf 76' lang='lat' dir='ltr'><strong>clamitare</strong></span> <span class='ocrx_word' id='word_1_168' title='bbox 875 2579 1070 2638; x_wconf 73' lang='lat' dir='ltr'><strong>calliditatem</strong></span> <span class='ocrx_word' id='word_1_169' title='bbox 1088 2578 1250 2640; x_wconf 82' lang='lat' dir='ltr'><strong>videntur?</strong></span> <span class='ocrx_word' id='word_1_170' title='bbox 1274 2579 1383 2639; x_wconf 83' lang='lat' dir='ltr'><strong>Nonne</strong></span> 
     </span>
     <span class='ocr_line' id='line_1_22' title="bbox 252 2680 1379 2760; baseline 0.001 -21"><span class='ocrx_word' id='word_1_171' title='bbox 252 2681 290 2740; x_wconf 85' lang='lat' dir='ltr'><strong>ab</strong></span> <span class='ocrx_word' id='word_1_172' title='bbox 313 2683 380 2741; x_wconf 89' lang='lat' dir='ltr'><strong>imis</strong></span> <span class='ocrx_word' id='word_1_173' title='bbox 401 2680 551 2758; x_wconf 79' lang='lat' dir='ltr'><strong>unguibus</strong></span> <span class='ocrx_word' id='word_1_174' title='bbox 573 2700 668 2757; x_wconf 87' lang='lat' dir='ltr'><strong>nsque</strong></span> <span class='ocrx_word' id='word_1_175' title='bbox 691 2681 729 2738; x_wconf 89' lang='lat' dir='ltr'><strong>ad</strong></span> <span class='ocrx_word' id='word_1_176' title='bbox 752 2683 892 2740; x_wconf 87' lang='lat' dir='ltr'><strong>verticem</strong></span> <span class='ocrx_word' id='word_1_177' title='bbox 914 2701 1070 2754; x_wconf 86' lang='lat' dir='ltr'><strong>summum,</strong></span> <span class='ocrx_word' id='word_1_178' title='bbox 1101 2685 1126 2740; x_wconf 90' lang='lat' dir='ltr'><strong>si</strong></span> <span class='ocrx_word' id='word_1_179' title='bbox 1149 2703 1239 2760; x_wconf 83' lang='lat' dir='ltr'><strong>qnam</strong></span> <span class='ocrx_word' id='word_1_180' title='bbox 1262 2685 1379 2741; x_wconf 87' lang='lat' dir='ltr'><strong>coniec-</strong></span> 
     </span>
     <span class='ocr_line' id='line_1_23' title="bbox 251 2775 1381 2860; baseline 0.002 -18"><span class='ocrx_word' id='word_1_181' title='bbox 251 2790 348 2844; x_wconf 86' lang='lat' dir='ltr'><strong>turam</strong></span> <span class='ocrx_word' id='word_1_182' title='bbox 371 2783 457 2842; x_wconf 85' lang='lat' dir='ltr'><strong>effert</strong></span> <span class='ocrx_word' id='word_1_183' title='bbox 479 2775 756 2858; x_wconf 55' lang='lat' dir='ltr'><strong>hominibussstacits</strong></span> <span class='ocrx_word' id='word_1_184' title='bbox 774 2786 907 2860; x_wconf 86' lang='lat' dir='ltr'><strong>corporis</strong></span> <span class='ocrx_word' id='word_1_185' title='bbox 923 2782 1029 2860; x_wconf 76' lang='lat' dir='ltr'><strong>figure,</strong></span> <span class='ocrx_word' id='word_1_186' title='bbox 1052 2805 1089 2842; x_wconf 83' lang='lat' dir='ltr'><strong>ex</strong></span> <span class='ocrx_word' id='word_1_187' title='bbox 1105 2786 1220 2857; x_wconf 82' lang='lat' dir='ltr'><strong>fraude,</strong></span> <span class='ocrx_word' id='word_1_188' title='bbox 1244 2785 1381 2856; x_wconf 81' lang='lat' dir='ltr'><strong>fallaciis,</strong></span> 
     </span>
     <span class='ocr_line' id='line_1_24' title="bbox 250 2884 1377 2966; baseline -0.001 -20"><span class='ocrx_word' id='word_1_189' title='bbox 250 2886 411 2946; x_wconf 79' lang='lat' dir='ltr'><strong>mendaciis</strong></span> <span class='ocrx_word' id='word_1_190' title='bbox 434 2893 570 2945; x_wconf 88' lang='lat' dir='ltr'><strong>constare</strong></span> <span class='ocrx_word' id='word_1_191' title='bbox 592 2891 674 2944; x_wconf 87' lang='lat' dir='ltr'><strong>totns</strong></span> <span class='ocrx_word' id='word_1_192' title='bbox 697 2884 835 2944; x_wconf 79' lang='lat' dir='ltr'><strong>videtur?</strong></span> <span class='ocrx_word' id='word_1_193' title='bbox 869 2889 921 2962; x_wconf 90' lang='lat' dir='ltr'><strong>qui</strong></span> <span class='ocrx_word' id='word_1_194' title='bbox 951 2887 1062 2946; x_wconf 85' lang='lat' dir='ltr'><strong>idcirco</strong></span> <span class='ocrx_word' id='word_1_195' title='bbox 1086 2889 1189 2966; x_wconf 89' lang='lat' dir='ltr'><strong>capite</strong></span> <span class='ocrx_word' id='word_1_196' title='bbox 1218 2894 1250 2946; x_wconf 91' lang='lat' dir='ltr'><strong>et</strong></span> <span class='ocrx_word' id='word_1_197' title='bbox 1271 2907 1377 2966; x_wconf 86' lang='lat' dir='ltr'><strong>snper-</strong></span> 
     </span>
     <span class='ocr_line' id='line_1_25' title="bbox 251 2989 1377 3066; baseline -0.002 -18"><span class='ocrx_word' id='word_1_198' title='bbox 251 2989 329 3048; x_wconf 88' lang='lat' dir='ltr'><strong>ciliis</strong></span> <span class='ocrx_word' id='word_1_199' title='bbox 351 3008 468 3066; x_wconf 89' lang='lat' dir='ltr'><strong>semper</strong></span> <span class='ocrx_word' id='word_1_200' title='bbox 490 2995 536 3046; x_wconf 89' lang='lat' dir='ltr'><strong>est</strong></span> <span class='ocrx_word' id='word_1_201' title='bbox 558 2989 643 3060; x_wconf 87' lang='lat' dir='ltr'><strong>rasis,</strong></span> <span class='ocrx_word' id='word_1_202' title='bbox 666 3009 703 3048; x_wconf 87' lang='lat' dir='ltr'><strong>ns</strong></span> <span class='ocrx_word' id='word_1_203' title='bbox 725 2989 818 3046; x_wconf 88' lang='lat' dir='ltr'><strong>ullum</strong></span> <span class='ocrx_word' id='word_1_204' title='bbox 841 2989 934 3066; x_wconf 88' lang='lat' dir='ltr'><strong>pilum</strong></span> <span class='ocrx_word' id='word_1_205' title='bbox 957 2990 1015 3048; x_wconf 85' lang='lat' dir='ltr'><strong>viri</strong></span> <span class='ocrx_word' id='word_1_206' title='bbox 1034 2989 1104 3048; x_wconf 91' lang='lat' dir='ltr'><strong>boni</strong></span> <span class='ocrx_word' id='word_1_207' title='bbox 1120 2989 1231 3050; x_wconf 86' lang='lat' dir='ltr'><strong>habers</strong></span> <span class='ocrx_word' id='word_1_208' title='bbox 1250 2991 1377 3050; x_wconf 87' lang='lat' dir='ltr'><strong>dicetur.</strong></span> 
     </span>
     <span class='ocr_line' id='line_1_26' title="bbox 251 3089 1378 3169; baseline 0.001 -20"><span class='ocrx_word' id='word_1_209' title='bbox 251 3089 343 3150; x_wconf 79' lang='lat' dir='ltr'><strong>(luins</strong></span> <span class='ocrx_word' id='word_1_210' title='bbox 373 3111 529 3168; x_wconf 88' lang='lat' dir='ltr'><strong>personam</strong></span> <span class='ocrx_word' id='word_1_211' title='bbox 558 3089 700 3169; x_wconf 78' lang='lat' dir='ltr'><strong>praeclare</strong></span> <span class='ocrx_word' id='word_1_212' title='bbox 728 3089 851 3150; x_wconf 84' lang='lat' dir='ltr'><strong>Roscius</strong></span> <span class='ocrx_word' id='word_1_213' title='bbox 879 3092 910 3150; x_wconf 91' lang='lat' dir='ltr'><strong>in</strong></span> <span class='ocrx_word' id='word_1_214' title='bbox 939 3111 1026 3150; x_wconf 88' lang='lat' dir='ltr'><strong>scena</strong></span> <span class='ocrx_word' id='word_1_215' title='bbox 1054 3097 1186 3152; x_wconf 86' lang='lat' dir='ltr'><strong>tractare</strong></span> <span class='ocrx_word' id='word_1_216' title='bbox 1211 3095 1378 3165; x_wconf 84' lang='lat' dir='ltr'><strong>consuevit,</strong></span> 
     </span>
     <span class='ocr_line' id='line_1_27' title="bbox 251 3191 1379 3271; baseline 0.001 -19"><span class='ocrx_word' id='word_1_217' title='bbox 251 3213 347 3270; x_wconf 88' lang='lat' dir='ltr'><strong>neque</strong></span> <span class='ocrx_word' id='word_1_218' title='bbox 368 3199 469 3252; x_wconf 84' lang='lat' dir='ltr'><strong>tamen</strong></span> <span class='ocrx_word' id='word_1_219' title='bbox 499 3213 554 3271; x_wconf 89' lang='lat' dir='ltr'><strong>pro</strong></span> <span class='ocrx_word' id='word_1_220' title='bbox 581 3191 725 3252; x_wconf 82' lang='lat' dir='ltr'><strong>beneficio</strong></span> <span class='ocrx_word' id='word_1_221' title='bbox 753 3195 780 3252; x_wconf 89' lang='lat' dir='ltr'><strong>ei</strong></span> <span class='ocrx_word' id='word_1_222' title='bbox 807 3213 863 3270; x_wconf 87' lang='lat' dir='ltr'><strong>par</strong></span> <span class='ocrx_word' id='word_1_223' title='bbox 891 3196 988 3270; x_wconf 78' lang='lat' dir='ltr'><strong>gratia</strong></span> <span class='ocrx_word' id='word_1_224' title='bbox 1017 3195 1162 3270; x_wconf 83' lang='lat' dir='ltr'><strong>refertur3</strong></span> <span class='ocrx_word' id='word_1_225' title='bbox 1194 3215 1264 3254; x_wconf 88' lang='lat' dir='ltr'><strong>nam</strong></span> <span class='ocrx_word' id='word_1_226' title='bbox 1286 3195 1379 3254; x_wconf 88' lang='lat' dir='ltr'><strong>Belli-</strong></span> 
     </span>
     <span class='ocr_line' id='line_1_28' title="bbox 251 3295 1378 3374; baseline 0.001 -19"><span class='ocrx_word' id='word_1_227' title='bbox 251 3315 337 3356; x_wconf 89' lang='lat' dir='ltr'><strong>onem</strong></span> <span class='ocrx_word' id='word_1_228' title='bbox 361 3295 443 3354; x_wconf 90' lang='lat' dir='ltr'><strong>illum</strong></span> <span class='ocrx_word' id='word_1_229' title='bbox 467 3297 719 3374; x_wconf 87' lang='lat' dir='ltr'><strong>improbissimum</strong></span> <span class='ocrx_word' id='word_1_230' title='bbox 740 3302 770 3353; x_wconf 87' lang='lat' dir='ltr'><strong>et</strong></span> <span class='ocrx_word' id='word_1_231' title='bbox 787 3297 1022 3373; x_wconf 86' lang='lat' dir='ltr'><strong>periurissimum</strong></span> <span class='ocrx_word' id='word_1_232' title='bbox 1040 3297 1178 3356; x_wconf 87' lang='lat' dir='ltr'><strong>lenonem</strong></span> <span class='ocrx_word' id='word_1_233' title='bbox 1197 3317 1289 3374; x_wconf 86' lang='lat' dir='ltr'><strong>quum</strong></span> <span class='ocrx_word' id='word_1_234' title='bbox 1305 3299 1378 3374; x_wconf 83' lang='lat' dir='ltr'><strong>agit,</strong></span> 
     </span>
     <span class='ocr_line' id='line_1_29' title="bbox 251 3396 1379 3477; baseline -0.002 -19"><span class='ocrx_word' id='word_1_235' title='bbox 251 3400 315 3473; x_wconf 80' lang='lat' dir='ltr'><strong>egit</strong></span> <span class='ocrx_word' id='word_1_236' title='bbox 337 3396 502 3470; x_wconf 69' lang='lat' dir='ltr'><strong>Chaeream</strong></span> <span class='ocrx_word' id='word_1_237' title='bbox 536 3417 664 3474; x_wconf 86' lang='lat' dir='ltr'><strong>persons</strong></span> <span class='ocrx_word' id='word_1_238' title='bbox 685 3397 738 3457; x_wconf 89' lang='lat' dir='ltr'><strong>illa</strong></span> <span class='ocrx_word' id='word_1_239' title='bbox 760 3398 923 3474; x_wconf 84' lang='lat' dir='ltr'><strong>lutulenta,</strong></span> <span class='ocrx_word' id='word_1_240' title='bbox 952 3400 1085 3477; x_wconf 87' lang='lat' dir='ltr'><strong>impura,</strong></span> <span class='ocrx_word' id='word_1_241' title='bbox 1113 3402 1211 3460; x_wconf 84' lang='lat' dir='ltr'><strong>invisa</strong></span> <span class='ocrx_word' id='word_1_242' title='bbox 1237 3403 1269 3460; x_wconf 92' lang='lat' dir='ltr'><strong>in</strong></span> <span class='ocrx_word' id='word_1_243' title='bbox 1291 3401 1379 3460; x_wconf 85' lang='lat' dir='ltr'><strong>huius</strong></span> 
     </span>
     <span class='ocr_line' id='line_1_30' title="bbox 252 3497 1378 3580; baseline -0.001 -20"><span class='ocrx_word' id='word_1_244' title='bbox 252 3501 395 3574; x_wconf 85' lang='lat' dir='ltr'><strong>moribus,</strong></span> <span class='ocrx_word' id='word_1_245' title='bbox 417 3506 525 3559; x_wconf 87' lang='lat' dir='ltr'><strong>natura</strong></span> <span class='ocrx_word' id='word_1_246' title='bbox 541 3503 662 3577; x_wconf 87' lang='lat' dir='ltr'><strong>viteque</strong></span> <span class='ocrx_word' id='word_1_247' title='bbox 675 3507 720 3560; x_wconf 89' lang='lat' dir='ltr'><strong>est</strong></span> <span class='ocrx_word' id='word_1_248' title='bbox 732 3497 900 3577; x_wconf 83' lang='lat' dir='ltr'><strong>expresse.“</strong></span> <span class='ocrx_word' id='word_1_249' title='bbox 936 3498 979 3560; x_wconf 82' lang='lat' dir='ltr'><strong>cf.</strong></span> <span class='ocrx_word' id='word_1_250' title='bbox 993 3503 1065 3561; x_wconf 89' lang='lat' dir='ltr'><strong>ibid.</strong></span> <span class='ocrx_word' id='word_1_251' title='bbox 1082 3504 1128 3576; x_wconf 86' lang='grc'><strong>17,</strong></span> <span class='ocrx_word' id='word_1_252' title='bbox 1144 3507 1193 3564; x_wconf 81' lang='lat'><strong>50.</strong></span> <span class='ocrx_word' id='word_1_253' title='bbox 1218 3502 1327 3580; x_wconf 88' lang='lat' dir='ltr'><strong>Philip.</strong></span> <span class='ocrx_word' id='word_1_254' title='bbox 1339 3501 1378 3574; x_wconf 86' lang='grc' dir='ltr'><strong>Π,</strong></span> 
     </span>
     <span class='ocr_line' id='line_1_31' title="bbox 253 3587 1379 3676; baseline 0 -13"><span class='ocrx_word' id='word_1_255' title='bbox 253 3607 280 3676; x_wconf 86' lang='grc'><strong>6,</strong></span> <span class='ocrx_word' id='word_1_256' title='bbox 307 3607 364 3664; x_wconf 92' lang='lat'><strong>15:</strong></span> <span class='ocrx_word' id='word_1_257' title='bbox 413 3602 528 3676; x_wconf 88' lang='lat' dir='ltr'><strong>„Hodie</strong></span> <span class='ocrx_word' id='word_1_258' title='bbox 550 3623 611 3662; x_wconf 91' lang='lat' dir='ltr'><strong>non</strong></span> <span class='ocrx_word' id='word_1_259' title='bbox 634 3603 787 3662; x_wconf 89' lang='lat' dir='ltr'><strong>descendit</strong></span> <span class='ocrx_word' id='word_1_260' title='bbox 808 3587 966 3662; x_wconf 84' lang='lat' dir='ltr'><strong>Aritonius.</strong></span> <span class='ocrx_word' id='word_1_261' title='bbox 1022 3602 1102 3664; x_wconf 75' lang='lat' dir='ltr'><strong>(luri</strong></span> <span class='ocrx_word' id='word_1_262' title='bbox 1157 3604 1218 3664; x_wconf 85' lang='lat' dir='ltr'><strong>Det</strong></span> <span class='ocrx_word' id='word_1_263' title='bbox 1240 3606 1379 3664; x_wconf 81' lang='lat' dir='ltr'><strong>netelicia</strong></span> 
     </span>
     <span class='ocr_line' id='line_1_32' title="bbox 251 3704 1378 3783; baseline 0.002 -19"><span class='ocrx_word' id='word_1_264' title='bbox 251 3709 282 3765; x_wconf 90' lang='lat' dir='ltr'><strong>in</strong></span> <span class='ocrx_word' id='word_1_265' title='bbox 312 3707 417 3765; x_wconf 87' lang='lat' dir='ltr'><strong>hortis.</strong></span> <span class='ocrx_word' id='word_1_266' title='bbox 468 3704 542 3764; x_wconf 83' lang='lat' dir='ltr'><strong>Cui?</strong></span> <span class='ocrx_word' id='word_1_267' title='bbox 587 3705 740 3764; x_wconf 86' lang='lat' dir='ltr'><strong>Neminem</strong></span> <span class='ocrx_word' id='word_1_268' title='bbox 762 3706 936 3779; x_wconf 80' lang='lat' dir='ltr'><strong>nominab03</strong></span> <span class='ocrx_word' id='word_1_269' title='bbox 970 3712 1077 3783; x_wconf 85' lang='lat' dir='ltr'><strong>putate</strong></span> <span class='ocrx_word' id='word_1_270' title='bbox 1091 3777 1093 3780; x_wconf 22' lang='grc' dir='ltr'>Ι</span> <span class='ocrx_word' id='word_1_271' title='bbox 1108 3711 1172 3766; x_wconf 84' lang='lat' dir='ltr'><strong>tum</strong></span> <span class='ocrx_word' id='word_1_272' title='bbox 1207 3707 1378 3767; x_wconf 84' lang='lat' dir='ltr'><strong>Phormioni</strong></span> 
     </span>
     <span class='ocr_line' id='line_1_33' title="bbox 253 3805 1008 3880; baseline 0.001 -15"><span class='ocrx_word' id='word_1_273' title='bbox 253 3809 355 3880; x_wconf 88' lang='lat' dir='ltr'><strong>alicui,</strong></span> <span class='ocrx_word' id='word_1_274' title='bbox 379 3817 445 3866; x_wconf 89' lang='lat' dir='ltr'><strong>tum</strong></span> <span class='ocrx_word' id='word_1_275' title='bbox 468 3807 630 3880; x_wconf 80' lang='lat' dir='ltr'><strong>Gnathoni,</strong></span> <span class='ocrx_word' id='word_1_276' title='bbox 653 3813 717 3868; x_wconf 88' lang='lat' dir='ltr'><strong>tum</strong></span> <span class='ocrx_word' id='word_1_277' title='bbox 741 3809 829 3866; x_wconf 85' lang='lat' dir='ltr'><strong>etism</strong></span> <span class='ocrx_word' id='word_1_278' title='bbox 851 3805 1008 3869; x_wconf 80' lang='lat' dir='ltr'><strong>Ballioni.“</strong></span> 
     </span>
    </p>

    <p class='ocr_par' dir='ltr' id='par_1_6' title="bbox 251 3910 1379 4397">
     <span class='ocr_line' id='line_1_34' title="bbox 337 3910 1377 3989; baseline 0 -20"><span class='ocrx_word' id='word_1_279' title='bbox 337 3910 459 3970; x_wconf 78' lang='lat' dir='ltr'><strong>Graecus</strong></span> <span class='ocrx_word' id='word_1_280' title='bbox 493 3915 591 3968; x_wconf 88' lang='lat' dir='ltr'><strong>autem</strong></span> <span class='ocrx_word' id='word_1_281' title='bbox 626 3913 676 3987; x_wconf 88' lang='lat' dir='ltr'><strong>qui</strong></span> <span class='ocrx_word' id='word_1_282' title='bbox 709 3914 821 3989; x_wconf 85' lang='lat' dir='ltr'><strong>primns</strong></span> <span class='ocrx_word' id='word_1_283' title='bbox 851 3913 915 3970; x_wconf 87' lang='lat' dir='ltr'><strong>eius</strong></span> <span class='ocrx_word' id='word_1_284' title='bbox 943 3917 1048 3970; x_wconf 83' lang='lat' dir='ltr'><strong>auctor</strong></span> <span class='ocrx_word' id='word_1_285' title='bbox 1075 3911 1179 3984; x_wconf 84' lang='lat' dir='ltr'><strong>inerit,</strong></span> <span class='ocrx_word' id='word_1_286' title='bbox 1213 3914 1377 3989; x_wconf 76' lang='lat' dir='ltr'><strong>ignoratur.</strong></span> 
     </span>
     <span class='ocr_line' id='line_1_35' title="bbox 251 4009 1377 4088; baseline 0 -16"><span class='ocrx_word' id='word_1_287' title='bbox 251 4013 341 4072; x_wconf 85' lang='lat' dir='ltr'><strong>Plura</strong></span> <span class='ocrx_word' id='word_1_288' title='bbox 364 4019 394 4070; x_wconf 89' lang='lat' dir='ltr'><strong>st</strong></span> <span class='ocrx_word' id='word_1_289' title='bbox 417 4014 545 4072; x_wconf 84' lang='lat' dir='ltr'><strong>certiora</strong></span> <span class='ocrx_word' id='word_1_290' title='bbox 562 4019 741 4087; x_wconf 88' lang='lat' dir='ltr'><strong>constarent,</strong></span> <span class='ocrx_word' id='word_1_291' title='bbox 765 4015 791 4072; x_wconf 87' lang='lat' dir='ltr'><strong>ai</strong></span> <span class='ocrx_word' id='word_1_292' title='bbox 808 4016 926 4088; x_wconf 78' lang='lat' dir='ltr'><strong>integre</strong></span> <span class='ocrx_word' id='word_1_293' title='bbox 943 4019 1075 4074; x_wconf 86' lang='lat' dir='ltr'><strong>exstaret</strong></span> <span class='ocrx_word' id='word_1_294' title='bbox 1094 4009 1272 4087; x_wconf 46' lang='lat' dir='ltr'><strong>didascalis</strong></span> <span class='ocrx_word' id='word_1_295' title='bbox 1296 4020 1377 4074; x_wconf 88' lang='lat' dir='ltr'><strong>cuius</strong></span> 
     </span>
     <span class='ocr_line' id='line_1_36' title="bbox 251 4115 1378 4193; baseline 0 -19"><span class='ocrx_word' id='word_1_296' title='bbox 251 4119 375 4174; x_wconf 85' lang='lat' dir='ltr'><strong>extremi</strong></span> <span class='ocrx_word' id='word_1_297' title='bbox 399 4115 458 4174; x_wconf 91' lang='lat' dir='ltr'><strong>duo</strong></span> <span class='ocrx_word' id='word_1_298' title='bbox 482 4135 586 4174; x_wconf 84' lang='lat' dir='ltr'><strong>versus</strong></span> <span class='ocrx_word' id='word_1_299' title='bbox 608 4117 639 4174; x_wconf 92' lang='lat' dir='ltr'><strong>in</strong></span> <span class='ocrx_word' id='word_1_300' title='bbox 660 4116 688 4174; x_wconf 77' lang='lat' dir='ltr'><strong>A</strong></span> <span class='ocrx_word' id='word_1_301' title='bbox 710 4117 779 4174; x_wconf 89' lang='lat' dir='ltr'><strong>lecti</strong></span> <span class='ocrx_word' id='word_1_302' title='bbox 802 4123 880 4188; x_wconf 85' lang='lat' dir='ltr'><strong>sunt,</strong></span> <span class='ocrx_word' id='word_1_303' title='bbox 905 4126 996 4193; x_wconf 86' lang='lat' dir='ltr'><strong>etque</strong></span> <span class='ocrx_word' id='word_1_304' title='bbox 1018 4116 1092 4175; x_wconf 77' lang='lat' dir='ltr'><strong>adeo</strong></span> <span class='ocrx_word' id='word_1_305' title='bbox 1115 4136 1205 4192; x_wconf 88' lang='lat' dir='ltr'><strong>quum</strong></span> <span class='ocrx_word' id='word_1_306' title='bbox 1227 4117 1304 4176; x_wconf 91' lang='lat' dir='ltr'><strong>alter</strong></span> <span class='ocrx_word' id='word_1_307' title='bbox 1326 4118 1378 4175; x_wconf 88' lang='lat' dir='ltr'><strong>ali-</strong></span> 
     </span>
     <span class='ocr_line' id='line_1_37' title="bbox 251 4217 1378 4295; baseline 0 -19"><span class='ocrx_word' id='word_1_308' title='bbox 251 4224 399 4294; x_wconf 86' lang='lat' dir='ltr'><strong>quatenus</strong></span> <span class='ocrx_word' id='word_1_309' title='bbox 417 4219 577 4294; x_wconf 78' lang='lat' dir='ltr'><strong>legeretur,</strong></span> <span class='ocrx_word' id='word_1_310' title='bbox 591 4217 716 4276; x_wconf 88' lang='lat' dir='ltr'><strong>alterum</strong></span> <span class='ocrx_word' id='word_1_311' title='bbox 731 4219 828 4294; x_wconf 79' lang='lat' dir='ltr'><strong>sagaci</strong></span> <span class='ocrx_word' id='word_1_312' title='bbox 847 4221 1016 4278; x_wconf 87' lang='lat' dir='ltr'><strong>coniectura</strong></span> <span class='ocrx_word' id='word_1_313' title='bbox 1033 4220 1184 4295; x_wconf 86' lang='lat' dir='ltr'><strong>supplevit</strong></span> <span class='ocrx_word' id='word_1_314' title='bbox 1202 4218 1378 4278; x_wconf 85' lang='lat' dir='ltr'><strong>Bitschslins</strong></span> 
     </span>
     <span class='ocr_line' id='line_1_38' title="bbox 252 4319 1379 4397; baseline 0.003 -21"><span class='ocrx_word' id='word_1_315' title='bbox 252 4319 374 4393; x_wconf 81' lang='lat' dir='ltr'><strong>Parerg.</strong></span> <span class='ocrx_word' id='word_1_316' title='bbox 397 4340 427 4396; x_wconf 91' lang='lat' dir='ltr'><strong>p.</strong></span> <span class='ocrx_word' id='word_1_317' title='bbox 453 4321 513 4379; x_wconf 81' lang='lat'><strong>280</strong></span> <span class='ocrx_word' id='word_1_318' title='bbox 537 4339 602 4397; x_wconf 91' lang='lat' dir='ltr'><strong>sqq.</strong></span> <span class='ocrx_word' id='word_1_319' title='bbox 659 4319 745 4379; x_wconf 85' lang='lat' dir='ltr'><strong>Hunc</strong></span> <span class='ocrx_word' id='word_1_320' title='bbox 773 4321 798 4378; x_wconf 89' lang='lat' dir='ltr'><strong>si</strong></span> <span class='ocrx_word' id='word_1_321' title='bbox 826 4323 992 4397; x_wconf 88' lang='lat' dir='ltr'><strong>sequimur,</strong></span> <span class='ocrx_word' id='word_1_322' title='bbox 1028 4321 1090 4380; x_wconf 78' lang='lat' dir='ltr'><strong>heo</strong></span> <span class='ocrx_word' id='word_1_323' title='bbox 1119 4321 1220 4379; x_wconf 85' lang='lat' dir='ltr'><strong>fabula</strong></span> <span class='ocrx_word' id='word_1_324' title='bbox 1248 4327 1315 4380; x_wconf 86' lang='lat' dir='ltr'><strong>scta</strong></span> <span class='ocrx_word' id='word_1_325' title='bbox 1337 4324 1379 4379; x_wconf 86' lang='lat' dir='ltr'><strong>est</strong></span> 
     </span>
    </p>
   </div>
   <div class='ocr_carea' id='block_1_5' title="bbox 0 0 1496 5000">
    <p class='ocr_par' dir='ltr' id='par_1_7' title="bbox 0 0 1496 5000">
     <span class='ocr_line' id='line_1_39' title="bbox 0 0 1496 5000; baseline 0 0"><span class='ocrx_word' id='word_1_326' title='bbox 0 0 1496 5000; x_wconf 95' lang='lat' dir='ltr'><strong> </strong></span> 
     </span>
    </p>
   </div>
  </div>
 </body>
</html>
