2960 5000
87 477 112 544 1,
134 477 159 545 2,
182 477 323 530 142-155
591 473 738 530 Poenulus.
1160 480 1219 540 133

515 665 797 746 Aporostooles

87 774 158 837 lam
184 772 299 838 hercle
322 781 358 838 tu
378 773 503 856 peristi,
526 774 587 837 uisi
604 773 695 838 illam
713 773 791 837 mihi
809 780 878 838 tam
896 773 1108 855 tranquillam
1127 772 1220 852 facis,

88 879 199 957 Quam
225 903 314 945 mare
338 881 415 946 olim
439 887 498 960 est,
523 903 619 966 quom
644 881 689 946 ibi
712 881 825 946 alcedo
849 881 955 964 pullos
978 881 1089 948 educit
1112 902 1196 946 suos

572 1033 748 1116 Milphio

88 1143 177 1220 Quid
203 1143 346 1207 faciam?

516 1251 801 1333 Aqorostoclos

388 1359 506 1438 Exere,
529 1359 689 1439 blandire,
713 1359 862 1442 expalpa.

570 1501 747 1581 Milphio

909 1609 1042 1674 Faciam
1065 1610 1187 1674 sedulo.

91 1716 157 1782 Sed
176 1719 256 1782 uide
275 1720 329 1795 ais,
352 1739 391 1782 ne
410 1725 447 1782 tu
471 1723 636 1782 oratorem
655 1717 741 1782 hune
759 1719 875 1798 pugnis
892 1725 1005 1800 pectas
1025 1725 1150 1802 postea.
1170 1735 1221 1787 355

512 1860 800 1943 Aoorostooles

91 1968 165 2032 Non
192 1968 320 2033 faciam.

513 2077 807 2156 Adelphasium

295 2183 367 2249 Non
392 2205 514 2267 aequos
537 2187 570 2250 in
594 2207 643 2249 me
668 2207 712 2256 es.
738 2183 793 2250 sed
817 2203 945 2248 morare
968 2192 1001 2248 et
1023 2184 1107 2249 male
1130 2183 1219 2249 facis.

92 2292 183 2358 Bene
209 2295 372 2376 promittis
395 2295 499 2358 multa
522 2315 562 2358 ex
584 2293 712 2371 multis;
737 2293 845 2356 omnia
867 2293 901 2355 in
924 2313 1054 2356 cassum
1078 2293 1209 2357 cadunt.

95 2400 255 2467 Liberare
278 2402 429 2465 iurauisti
452 2423 502 2464 me
525 2400 613 2464 haud
638 2400 734 2464 semel
761 2400 818 2464 sed
842 2402 997 2465 centiens.

93 2509 180 2574 Dum
211 2519 244 2574 te
274 2517 440 2593 exspecto,
476 2530 581 2592 neque
611 2529 665 2589 epo
697 2529 833 2592 usquam
864 2509 962 2572 aliam
997 2509 1075 2574 mihi
1104 2511 1221 2593 paraui

864 2617 1002 2699 copiam,

94 2725 210 2810 Neque
234 2729 318 2790 istuc
342 2747 476 2808 usquam
502 2725 657 2808 adparet;
682 2727 728 2788 ita
751 2745 837 2788 nuno
857 2725 964 2789 seruio
983 2725 1085 2791 nihilo
1105 2727 1219 2790 minus.

95 2833 117 2896 l.
142 2857 247 2900 soror.
294 2833 441 2898 Abscede
465 2841 499 2897 tu
522 2855 541 2895 a
566 2855 624 2897 me.

516 2987 801 3068 Aporostocles

442 3157 445 3164 .
544 3096 638 3159 Perii.
684 3095 764 3173 Eho,
789 3093 866 3177 quid
891 3096 969 3174 agis,
993 3095 1151 3178 Milphio?
1170 3111 1219 3164 361

572 3237 749 3318 Milphio

97 3343 170 3410 llea
193 3345 358 3428 uoluptas,
381 3366 454 3409 mea
477 3345 605 3422 delicia,
630 3367 701 3410 mea
724 3347 804 3424 uita,
826 3367 900 3409 mea
923 3349 1113 3426 amoenitate,

96 3451 187 3519 Meua
212 3453 346 3532 ocellus,
370 3475 476 3518 meum
500 3453 664 3530 labellum,
688 3475 761 3518 mea
785 3455 883 3522 salus,
909 3475 1016 3518 meum
1041 3457 1178 3533 saulum,

96 3558 203 3626 hleum
222 3562 294 3640 mel,
318 3584 424 3626 meum
439 3583 506 3640 cor,
526 3585 600 3626 mea
613 3563 766 3638 colustra,
786 3585 876 3626 meus
894 3562 1076 3626 molliculus
1095 3583 1220 3628 caseus

516 3700 801 3783 Aporostoolos

97 3801 190 3870 Mene
215 3827 274 3888 ego
298 3806 395 3870 illaec
414 3807 523 3890 patiar
540 3817 714 3890 praesente
734 3807 820 3871 diei?
844 3805 1023 3890 discrucior
1045 3809 1153 3886 miser,
1171 3825 1222 3879 365

180 4017 232 4068 352
249 4015 360 4068 hercule
378 4014 406 4068 B
482 4017 532 4070 353
552 4018 631 4085 alcyo
651 4015 712 4084 AB,
733 4017 824 4086 alycio
844 4015 865 4071 0
933 4015 1042 4070 seducit
1111 4019 1161 4071 356
1180 4033 1223 4070 oe·

98 4103 173 4154 euius
192 4099 246 4155 BG
331 4118 389 4154 mes
408 4101 434 4154 A
527 4104 579 4157 358
597 4102 788 4157 LiberaretO
870 4103 931 4156 iura
948 4103 990 4154 uis
1009 4107 1036 4156 te
1123 4101 1224 4156 sedent

99 4183 154 4238 leue
172 4187 208 4252 Β,
229 4186 277 4238 sed
297 4185 408 4240 deciens
429 4186 451 4240 0
540 4190 591 4242 359
608 4205 729 4256 nequam
747 4187 773 4240 A
868 4205 919 4256 ego
938 4203 988 4242 om.
1077 4189 1127 4242 362
1145 4205 1223 4240 meae

162 4271 274 4324 diliciae
293 4271 321 4324 Β
384 4273 433 4325 363
453 4273 551 4327 oculus
569 4274 596 4326 A
674 4275 725 4325 364
743 4273 837 4327 Meum
854 4274 910 4327 mei
927 4291 1019 4327 meum
1038 4273 1066 4328 B
1132 4274 1220 4328 collu-

98 4356 197 4412 atrnO
257 4357 400 4411 colliculus
418 4357 446 4411 B
516 4360 566 4412 365
584 4366 731 4428 praesente
748 4359 841 4426 patiar
859 4360 939 4413 illaec
958 4358 986 4412 B
