2960 5000
253 405 313 466 184
764 397 853 452 Plauti

665 587 953 668 Agorastocles
976 661 979 668 ‚

252 693 336 774 Quid
359 697 445 760 istuc
467 695 510 760 ad
533 695 604 760 mel

728 803 899 888 Milphio

659 908 838 978 Certiorem
859 919 893 978 te
917 933 987 978 esse
1009 912 1089 992 uolt,

250 1019 299 1084 Ne
323 1019 401 1103 quid
425 1019 508 1084 clam
531 1017 643 1083 furtim
666 1039 700 1084 ee
723 1019 890 1103 accepisse
913 1041 1056 1086 censeas.

739 1161 879 1227 Hanno

251 1269 463 1354 lluphonuim
486 1269 671 1335 eucoratim.

723 1388 893 1474 Milphio

761 1495 830 1576 Em,
853 1516 934 1563 caue
956 1499 1001 1562 sis
1024 1496 1147 1578 feceris,
1301 1515 1363 1566 roto

251 1605 345 1682 Quod
370 1605 422 1670 hic
444 1611 525 1670 orat.
1013 1684 1016 1692 Ι

666 1713 956 1796 Agorastocles

571 1819 655 1899 Quid
679 1821 727 1886 ait
751 1826 809 1885 aut
831 1821 910 1904 quid
935 1822 1032 1886 orat?
1055 1821 1179 1906 expedi.

724 1961 898 2052 Milphio

251 2067 317 2134 Sub
341 2070 457 2135 cratim
481 2075 518 2134 ut
538 2069 653 2136 iubeas
676 2091 711 2136 se
735 2072 876 2154 supponi
899 2077 999 2155 atque
1022 2092 1060 2136 eo

251 2175 391 2260 Lapider
416 2177 528 2260 inponi
550 2173 743 2258 multoslut
765 2198 836 2243 sese
859 2199 963 2244 neces.
1040 2270 1047 2286 ἱ

737 2319 877 2386 Hanno

251 2425 344 2490 Gune
368 2425 547 2492 balsamem
570 2447 694 2492 erasan.

605 2635 608 2640 ,
658 2571 953 2652 Agorastocles

720 2677 837 2756 Narra,
861 2679 1034 2762 quidest?
1122 2699 1127 2710 ·

250 2785 335 2863 Quid
359 2785 426 2850 ait?
766 2793 768 2801 ’

727 2891 898 2976 Milphio

471 2999 543 3066 Non
566 2999 676 3064 hercle
699 3021 786 3066 nunc
808 3001 939 3084 quidem
963 3001 1141 3085 quidquam
1165 3003 1242 3068 ecio.
1303 3017 1361 3070 1011

740 3142 879 3208 Hanno

251 3251 295 3314 At
316 3257 354 3316 ut
376 3250 461 3316 scias
483 3271 578 3330 nunc,
602 3249 720 3316 dehinc
744 3251 862 3316 Latine
885 3253 948 3316 iam
972 3251 1097 3335 loquar.

249 3358 388 3424 Seruum
410 3358 520 3424 hercle
542 3365 575 3424 te
599 3379 670 3424 esse
694 3365 823 3442 oportet
845 3365 878 3424 et
899 3380 1040 3443 nequam
1063 3366 1096 3424 et
1117 3359 1249 3439 malum,

248 3465 424 3533 Hominem
446 3453 653 3550 peregrinum
675 3473 775 3549 atque
798 3467 958 3532 aduenam
982 3469 1037 3550 qui
1060 3468 1212 3534 inrideas.

721 3609 792 3674 Mil
827 3607 893 3674 hio

249 3717 294 3781 At
316 3716 424 3782 hercle
447 3723 480 3782 te
502 3717 666 3783 hominem
689 3724 723 3782 et
745 3631 979 3802 sycliphantam
1003 3726 1036 3783 et
1058 3717 1241 3791 subdolum,

320 3935 386 3988 1018
404 3933 463 3986 ooli
520 3935 585 3986 1019
603 3932 669 3986 furti
687 3931 722 4001 B,
742 3933 844 3987 furtiue
863 3933 885 3987 0
955 3935 1020 3987 1020
1037 3932 1240 4002 Maphonnium
1262 3948 1359 3986 aucore-

247 4017 309 4072 him
326 4015 380 4072 Bo
447 4019 470 4072 ei
538 4019 600 4072 1021
621 4017 667 4071 hic
685 4023 713 4072 te
732 4024 796 4072 orat
864 4020 928 4072 1022
947 4020 1049 4087 gratim
1067 4017 1120 4072 Bo
1184 4019 1250 4072 1023
1267 4017 1357 4071 multoe

247 4105 283 4157 sit
301 4119 361 4158 rese
384 4103 412 4158 Β
501 4105 568 4158 1024
586 4103 683 4158 Guneb
702 4102 922 4158 balsemimlirila
939 4103 973 4170 A,
999 4103 1124 4157 Gunebel
1142 4103 1295 4157 balsamant
1312 4119 1358 4156 era·

246 4207 297 4243 sau
315 4189 369 4244 Bo
444 4190 509 4242 1020
527 4187 578 4255 oui
598 4187 620 4242 0
687 4205 843 4258 quaequam
860 4187 888 4242 Β
960 4189 1025 4242 1027
1043 4193 1155 4256 oportet
1173 4205 1225 4243 oue
1244 4185 1358 4256 quamli

247 4277 314 4328 1028
334 4275 481 4328 adueniam
499 4275 525 4327 A
543 4276 653 4329 ommate
671 4275 766 4330 ceterae
838 4275 903 4327 1029
921 4273 1093 4341 sycophanta
1109 4272 1137 4327 B
