2978 5004
558 452 590 506 V.
610 455 751 508 aot-ala.
1145 463 1206 542 241

91 645 210 704 multos
234 651 304 704 ante
327 649 453 719 laeserat,
478 644 643 706 diluisset.“
692 649 746 707 Hic
775 649 890 708 fabulas
913 654 990 710 veris
1019 655 1207 720 intermixtas

92 771 160 810 esse
192 755 320 828 apparet
350 745 390 827 (v.
416 751 555 828 Oversigt
583 771 609 808 o.
633 751 661 810 d.
687 753 721 812 Κ.
753 753 864 811 danske
894 755 1036 816 Videnslr.
1065 757 1206 818 Selskabs

93 853 264 912 Forhandl.
292 855 371 912 1669
395 873 423 930 p.
449 855 508 912 233
533 850 620 930 sqq),
650 875 703 912 nec
733 859 820 928 euim,
852 857 1006 934 palinodia
1034 861 1085 918 illa
1108 863 1206 938 qualis

95 977 162 1016 esse
193 959 337 1035 potuerit,
372 957 551 1033 intelligitur
585 977 639 1014 nec
671 959 816 1016 tresviros
843 960 916 1017 talia
946 961 1108 1021 vindicasse
1143 967 1206 1022 veri

93 1061 195 1118 simila
219 1066 266 1118 est
320 1059 351 1118 Si
373 1058 493 1118 llaevius
521 1079 553 1116 re
583 1080 653 1118 vera
672 1063 712 1126 ,in
735 1061 853 1120 vincula
884 1065 1034 1122 coniectus
1063 1072 1122 1142 cst,
1150 1067 1207 1126 hoc

93 1167 219 1240 privata
242 1165 281 1232 vi,
307 1183 364 1221 non
381 1162 500 1240 publica
523 1166 700 1221 auctoritate
724 1163 834 1222 facturn
857 1185 920 1224 esse
944 1166 1128 1242 crediderim,
1154 1191 1206 1228 nec

97 1267 190 1326 video
215 1285 274 1342 quo
302 1265 391 1324 modo
413 1269 530 1324 vinctus
559 1266 673 1334 subulas
701 1267 829 1326 scribere
857 1272 1000 1343 potuerit.
1046 1269 1102 1328 Sed
1126 1272 1204 1348 quod

98 1370 239 1446 plerique
263 1389 333 1428 vera
356 1369 474 1427 vincula
504 1368 685 1446 intelligunt,
714 1373 803 1447 utque
831 1373 919 1430 etiam
949 1365 1038 1431 1111106
1062 1369 1205 1432 custodes

94 1475 231 1531 manicas
250 1493 313 1530 esse
333 1471 447 1544 volunt,
471 1471 598 1548 ideoque
616 1491 670 1547 pro
689 1466 838 1532 occultant
857 1473 1038 1546 „accubant“
1061 1476 1204 1550 scribunt,

95 1576 172 1634 mihi
196 1577 260 1634 veri
284 1575 410 1632 similius
434 1575 561 1650 videtur,
592 1575 716 1647 aedilem,
746 1579 792 1633 oui
815 1576 934 1634 Navius
956 1578 1086 1636 fabulam
1110 1581 1203 1656 scrip-

95 1686 187 1738 turus
210 1683 283 1750 erut,
309 1679 369 1736 oria
393 1680 456 1735 eius
477 1677 630 1736 licentiam
647 1682 775 1737 veritum
795 1679 932 1738 custodes
951 1681 1091 1740 scribenti
1111 1703 1203 1761 appo·

97 1786 207 1854 suisse,
231 1785 265 1839 ut
288 1801 321 1840 os
345 1782 407 1839 eius
432 1801 489 1838 nou
512 1801 543 1837 re
568 1801 639 1839 vera
657 1783 786 1840 vinctum
811 1783 911 1854 luerit,
935 1783 987 1841 sed
1009 1783 1101 1843 libere
1124 1785 1203 1862 loqui

96 1906 159 1944 non
195 1886 337 1960 potuerit.
383 1883 445 1942 lloc
473 1883 579 1940 Plauto
613 1889 643 1942 et
676 1883 829 1960 indignum
859 1893 888 1944 at
917 1887 1076 1946 ridiculum
1110 1889 1205 1947 videri

96 1989 215 2046 debuit.
236 2017 271 2026 -
293 1989 354 2046 213
374 1986 485 2045 hiatum
509 1987 674 2060 legitimum
698 1987 788 2046 habet
811 1989 840 2046 in
859 1987 984 2060 dieresi,
1007 1993 1032 2047 si
1055 1993 1205 2067 sequimur

97 2069 280 2169 scripturam
311 2090 376 2150 cod.
405 2089 432 2148 A
459 2084 580 2158 audiui,
615 2090 665 2148 sed
701 2086 849 2150 inaudiut
875 2095 1040 2150 ceterorum
1070 2094 1203 2152 codicum

95 2201 207 2253 tuetur
230 2192 364 2252 Donatus
389 2193 426 2250 ad
450 2191 516 2250 Ter.
536 2191 655 2252 Phorm.
682 2196 708 2266 5,
735 2196 762 2266 6,
789 2195 842 2253 3⁷:
869 2195 985 2272 „Atque
1009 2214 1063 2270 ego
1087 2215 1205 2272 quoquc

96 2296 238 2356 inaudiui
249 2297 330 2354 illam
346 2291 507 2353 fabulam“.
543 2295 577 2354 R.
600 2293 791 2370 ,indaudini“
814 2299 942 2376 scripsit.
955 2327 996 2336 —
1010 2299 1069 2356 215
1092 2299 1203 2372 „Quam

95 2395 199 2460 bolle“
230 2403 272 2458 ait
298 2401 394 2472 „servi
418 2399 520 2456 comici
542 2419 699 2476 personam
728 2397 838 2474 361111α
886 2399 988 2460 Graeca
1011 2400 1152 2460 adverbia
1175 2405 1204 2460 in

97 2503 189 2562 codd.
211 2502 319 2560 leviter
342 2506 481 2578 corrupta
505 2500 617 2560 Camer.
642 2507 671 2560 et
693 2501 858 2562 Gulielmus
886 2505 1091 2576 restituerunt,
1122 2503 1203 2562 adiu·

98 2613 195 2666 vante
213 2607 301 2663 etiarn
321 2604 401 2664 Fest.
414 2603 494 2682 Epit.
508 2624 537 2680 p.
552 2605 607 2664 61:
633 2606 819 2678 „comoedica
841 2605 998 2681 figuratum
1018 2627 1035 2664 a
1052 2607 1201 2666 comoedo.

99 2711 243 2768 Plautus:
267 2707 353 2782 Euge
377 2728 427 2766 eus
446 2709 590 2766 adstitisti
610 2715 639 2765 et
659 2709 744 2768 dulce
762 2715 791 2768 et
807 2707 1004 2769 comoedice“.
1040 2705 1206 2782 euscheme,

100 2817 122 2872 i.
135 2834 161 2872 e.
176 2811 358 2886 εὐσχημόνως.
388 2811 468 2902 Γ11111.
484 2812 560 2869 625:
587 2812 685 2884 „hand
703 2807 919 2870 ineuscheme“.
933 2843 973 2850 --
986 2807 1119 2886 adstitit,
1138 2814 1206 2871 ulti-

99 2937 181 2974 mam
194 2915 342 2994 producit,
361 2935 389 2973 v.
402 2913 521 2988 Proleg.
535 2933 564 2990 p.
582 2916 649 2974 196.
663 2944 704 2954 -
719 2917 788 2974 216.
814 2910 998 2992 Numquam
1009 2910 1109 2986 hodie,
1128 2935 1155 2974 v.
1168 2915 1206 2974 ad

101 3017 213 3097 Amph.
229 3019 298 3078 394.
315 3047 354 3057 -
364 3011 531 3092 perfecerit
540 3017 712 3076 Beroaldus.
723 3047 758 3057 -·
771 3021 841 3076 217.
855 3010 963 3092 Habet,
978 3020 1101 3078 invenit.
1136 3017 1204 3077 Sor·

100 3143 157 3180 vus
181 3123 239 3178 iam
262 3122 380 3198 quietus
404 3121 504 3180 adstat
526 3139 623 3193 secum
648 3124 797 3194 cogitans,
826 3141 915 3180 senex
937 3141 1026 3181 mora
1048 3123 1206 3198 impatiens

101 3226 191 3302 quasi
210 3225 246 3283 de
264 3244 367 3283 somno
385 3245 451 3282 eum
471 3222 659 3282 excitandum
679 3231 786 3282 censet.
815 3219 927 3302 Apest
945 3220 1022 3300 quid
1033 3219 1109 3302 aytis,
1128 3247 1154 3283 v.
1169 3226 1206 3284 ad

101 3327 194 3406 Epid.
211 3329 278 3386 197.
293 3357 334 3367 -
348 3329 419 3386 218.
431 3322 552 3398 uanae,
571 3327 668 3403 plagis
680 3327 797 3400 lividus,
816 3328 852 3386 cf.
866 3328 972 3387 Pseud.
989 3329 1062 3386 144:
1085 3335 1207 3401 „uostra

101 3433 200 3489 latera
222 3431 293 3489 loris
316 3430 421 3488 faciam
445 3434 479 3488 ut
501 3430 600 3488 aalide
623 3433 708 3489 uaria
730 3431 819 3490 sint“.
854 3431 1012 3492 1661126.
1047 3431 1134 3508 Epid.
1158 3433 1205 3490 18.

102 3564 144 3574 -
168 3527 302 3610 uetustius
324 3532 432 3607 Bergk.
479 3533 587 3592 Servus
611 3535 700 3610 virgis
723 3533 896 3592 verberatus
918 3553 981 3612 prae
1004 3533 1106 3594 dolore
1129 3554 1205 3592 som-

103 3657 176 3695 num
209 3657 268 3696 non
301 3639 410 3713 capiet.
442 3665 478 3675 ·-
513 3637 583 3695 219.
608 3629 679 3695 Tibi
705 3651 761 3713 690
790 3633 872 3710 61160,
908 3637 943 3694 cf.
975 3639 1137 3696 43661111.
1168 3637 1207 3696 ad

103 3739 212 3799 Bacch.
247 3741 318 3798 996.
369 3739 510 3798 Proxima
543 3745 683 3818 corrupta
716 3747 793 3798 aunt.
843 3739 975 3816 Scaliger
1008 3741 1082 3798 coni.
1131 3740 1203 3814 ,An,

104 3845 238 3915 heureta,
263 3849 296 3900 tu
320 3839 431 3900 nescis“
459 3841 495 3900 61.
519 3840 625 3900 Pseud.
650 3845 721 3917 702,
745 3842 823 3901 unde
845 3842 880 3902 R.
913 3863 977 3916 „an,
1002 3842 1134 3914 henreta,
1159 3862 1204 3900 ine

104 3941 254 4005 hauseis‘f.
301 3944 412 4021 Haupt.
437 3943 503 4002 Ind.
533 3945 623 4003 schol.
648 3945 747 4004 Berol.
775 3947 870 4004 1858:
909 3945 993 4020 ,Tibi
1021 3945 1103 4003 dico:
1138 3945 1203 4018 eho,

106 4048 266 4120 cantherie,
291 4067 336 4105 1116
348 4045 495 4120 hauscis“,
519 4048 696 4107 undeRibb.
724 4049 811 4122 „Tibi
834 4049 914 4108 dico:
938 4049 1020 4120 heus,
1045 4047 1203 4120 cantheris,

107 4146 253 4214 duodece?
300 4149 348 4207 Br.
374 4171 439 4209 cum
461 4150 574 4227 Pylade
598 4157 628 4209 et
650 4151 817 4228 Madvigio:
855 4151 918 4226 ,ah,
948 4149 1071 4208 feriatus
1093 4171 1129 4208 ue
1153 4153 1203 4219 sis,

106 4255 183 4314 heus
205 4249 387 4312 Palaestrio“.
432 4253 507 4312 Mihi
529 4253 603 4312 nihil
625 4255 738 4314 insoliti
760 4255 854 4313 latere
877 4251 1052 4326 videbatur;
1083 4253 1202 4331 scripsi:

961 4385 993 4438 16
