<?xml version="1.0" encoding="UTF-8"?>
<!DOCTYPE html PUBLIC "-//W3C//DTD XHTML 1.0 Transitional//EN"
    "http://www.w3.org/TR/xhtml1/DTD/xhtml1-transitional.dtd">
<html xmlns="http://www.w3.org/1999/xhtml" xml:lang="en" lang="en">
 <head>
  <title>
</title>
<meta http-equiv="Content-Type" content="text/html;charset=utf-8" />
  <meta name='ocr-system' content='tesseract 3.04.00' />
  <meta name='ocr-capabilities' content='ocr_page ocr_carea ocr_par ocr_line ocrx_word'/>
</head>
<body>
  <div class='ocr_page' id='page_1' title='image "./tmacciiplautico01ussigoog_0456.png"; bbox 0 0 2954 5002; ppageno 0'>
   <div class='ocr_carea' id='block_1_1' title="bbox 71 456 1207 526">
    <p class='ocr_par' dir='ltr' id='par_1_1' title="bbox 71 456 1207 526">
     <span class='ocr_line' id='line_1_1' title="bbox 71 456 1207 526; baseline 0.002 -18"><span class='ocrx_word' id='word_1_1' title='bbox 71 456 124 522; x_wconf 77' lang='lat' dir='ltr'>IV,</span> <span class='ocrx_word' id='word_1_2' title='bbox 145 458 172 522; x_wconf 77' lang='lat'>2,</span> <span class='ocrx_word' id='word_1_3' title='bbox 192 459 300 512; x_wconf 76' lang='lat'>85—53</span> <span class='ocrx_word' id='word_1_4' title='bbox 566 457 729 512; x_wconf 80' lang='lat' dir='ltr'>Pseudolus.</span> <span class='ocrx_word' id='word_1_5' title='bbox 1168 465 1207 526; x_wconf 72' lang='lat'>81</span> 
     </span>
    </p>
   </div>
   <div class='ocr_carea' id='block_1_2' title="bbox 69 647 1210 2012">
    <p class='ocr_par' dir='ltr' id='par_1_2' title="bbox 69 647 1210 2012">
     <span class='ocr_line' id='line_1_2' title="bbox 586 647 710 712; baseline 0 0"><span class='ocrx_word' id='word_1_6' title='bbox 586 647 710 712; x_wconf 84' lang='lat' dir='ltr'>Simia</span> 
     </span>
     <span class='ocr_line' id='line_1_3' title="bbox 226 753 1210 840; baseline 0.009 -22"><span class='ocrx_word' id='word_1_7' title='bbox 226 753 319 832; x_wconf 84' lang='lat' dir='ltr'>Quod</span> <span class='ocrx_word' id='word_1_8' title='bbox 343 755 440 820; x_wconf 94' lang='lat' dir='ltr'>homo</span> <span class='ocrx_word' id='word_1_9' title='bbox 465 755 581 840; x_wconf 82' lang='lat' dir='ltr'>edepol</span> <span class='ocrx_word' id='word_1_10' title='bbox 604 755 699 820; x_wconf 89' lang='lat' dir='ltr'>fortis</span> <span class='ocrx_word' id='word_1_11' title='bbox 722 763 821 840; x_wconf 88' lang='lat' dir='ltr'>atque</span> <span class='ocrx_word' id='word_1_12' title='bbox 844 755 983 820; x_wconf 79' lang='lat' dir='ltr'>bellator</span> <span class='ocrx_word' id='word_1_13' title='bbox 1006 755 1137 840; x_wconf 88' lang='lat' dir='ltr'>probus.</span> <span class='ocrx_word' id='word_1_14' title='bbox 1157 773 1210 827; x_wconf 80' lang='lat'>990</span> 
     </span>
     <span class='ocr_line' id='line_1_4' title="bbox 69 861 1208 948; baseline 0.004 -23"><span class='ocrx_word' id='word_1_15' title='bbox 69 861 137 926; x_wconf 85' lang='lat' dir='ltr'>Sed</span> <span class='ocrx_word' id='word_1_16' title='bbox 163 884 311 946; x_wconf 87' lang='lat' dir='ltr'>propera</span> <span class='ocrx_word' id='word_1_17' title='bbox 334 862 418 928; x_wconf 85' lang='lat' dir='ltr'>hanc</span> <span class='ocrx_word' id='word_1_18' title='bbox 441 864 608 948; x_wconf 85' lang='lat' dir='ltr'>perlegere</span> <span class='ocrx_word' id='word_1_19' title='bbox 631 885 755 948; x_wconf 89' lang='lat' dir='ltr'>quaeso</span> <span class='ocrx_word' id='word_1_20' title='bbox 780 864 955 948; x_wconf 83' lang='lat' dir='ltr'>epistulam</span> <span class='ocrx_word' id='word_1_21' title='bbox 975 901 1016 910; x_wconf 91' lang='lat'>—</span> <span class='ocrx_word' id='word_1_22' title='bbox 1039 866 1087 930; x_wconf 89' lang='lat' dir='ltr'>ita</span> <span class='ocrx_word' id='word_1_23' title='bbox 1110 887 1208 948; x_wconf 82' lang='lat' dir='ltr'>nego·</span> 
     </span>
     <span class='ocr_line' id='line_1_5' title="bbox 852 973 1072 1038; baseline 0 -2"><span class='ocrx_word' id='word_1_24' title='bbox 852 973 933 1036; x_wconf 91' lang='lat' dir='ltr'>tium</span> <span class='ocrx_word' id='word_1_25' title='bbox 958 981 1008 1038; x_wconf 86' lang='lat' dir='ltr'>est</span> <span class='ocrx_word' id='word_1_26' title='bbox 1030 1008 1072 1018; x_wconf 94' lang='lat'><em>-</em></span> 
     </span>
     <span class='ocr_line' id='line_1_6' title="bbox 69 1079 1170 1164; baseline 0.005 -24"><span class='ocrx_word' id='word_1_27' title='bbox 69 1079 187 1160; x_wconf 81' lang='lat' dir='ltr'>Atque</span> <span class='ocrx_word' id='word_1_28' title='bbox 214 1079 363 1162; x_wconf 88' lang='lat' dir='ltr'>accipere</span> <span class='ocrx_word' id='word_1_29' title='bbox 387 1088 557 1163; x_wconf 88' lang='lat' dir='ltr'>argentum</span> <span class='ocrx_word' id='word_1_30' title='bbox 581 1087 729 1144; x_wconf 85' lang='lat' dir='ltr'>actutum</span> <span class='ocrx_word' id='word_1_31' title='bbox 752 1079 987 1164; x_wconf 87' lang='lat' dir='ltr'>mulieremque</span> <span class='ocrx_word' id='word_1_32' title='bbox 1011 1083 1170 1148; x_wconf 84' lang='lat' dir='ltr'>emittere.</span> 
     </span>
     <span class='ocr_line' id='line_1_7' title="bbox 70 1185 1207 1272; baseline 0.004 -23"><span class='ocrx_word' id='word_1_33' title='bbox 70 1185 161 1250; x_wconf 89' lang='lat' dir='ltr'>Nam</span> <span class='ocrx_word' id='word_1_34' title='bbox 192 1207 328 1252; x_wconf 83' lang='lat' dir='ltr'>necesse</span> <span class='ocrx_word' id='word_1_35' title='bbox 357 1195 407 1252; x_wconf 90' lang='lat' dir='ltr'>est</span> <span class='ocrx_word' id='word_1_36' title='bbox 433 1187 531 1252; x_wconf 89' lang='lat' dir='ltr'>hodie</span> <span class='ocrx_word' id='word_1_37' title='bbox 561 1188 690 1272; x_wconf 78' lang='lat' dir='ltr'>Sicyoni</span> <span class='ocrx_word' id='word_1_38' title='bbox 721 1209 771 1252; x_wconf 92' lang='lat' dir='ltr'>me</span> <span class='ocrx_word' id='word_1_39' title='bbox 796 1209 867 1254; x_wconf 88' lang='lat' dir='ltr'>esse</span> <span class='ocrx_word' id='word_1_40' title='bbox 891 1198 949 1255; x_wconf 89' lang='lat' dir='ltr'>aut</span> <span class='ocrx_word' id='word_1_41' title='bbox 972 1210 1045 1254; x_wconf 90' lang='lat' dir='ltr'>cras</span> <span class='ocrx_word' id='word_1_42' title='bbox 1070 1199 1207 1254; x_wconf 89' lang='lat' dir='ltr'>mortem</span> 
     </span>
     <span class='ocr_line' id='line_1_8' title="bbox 855 1299 1006 1382; baseline -0.007 -20"><span class='ocrx_word' id='word_1_43' title='bbox 855 1299 1006 1382; x_wconf 78' lang='lat' dir='ltr'>exsequi3</span> 
     </span>
     <span class='ocr_line' id='line_1_9' title="bbox 71 1402 637 1488; baseline 0.007 -23"><span class='ocrx_word' id='word_1_44' title='bbox 71 1402 125 1467; x_wconf 89' lang='lat' dir='ltr'>lta</span> <span class='ocrx_word' id='word_1_45' title='bbox 150 1424 232 1467; x_wconf 90' lang='lat' dir='ltr'>erus</span> <span class='ocrx_word' id='word_1_46' title='bbox 256 1425 346 1468; x_wconf 90' lang='lat' dir='ltr'>meus</span> <span class='ocrx_word' id='word_1_47' title='bbox 370 1411 419 1470; x_wconf 88' lang='lat' dir='ltr'>est</span> <span class='ocrx_word' id='word_1_48' title='bbox 441 1405 637 1488; x_wconf 86' lang='lat' dir='ltr'>inperiosus.</span> 
     </span>
     <span class='ocr_line' id='line_1_10' title="bbox 581 1512 715 1578; baseline 0.015 -2"><span class='ocrx_word' id='word_1_49' title='bbox 581 1512 715 1578; x_wconf 89' lang='lat' dir='ltr'>Ballio</span> 
     </span>
     <span class='ocr_line' id='line_1_11' title="bbox 671 1615 1088 1706; baseline 0.005 -21"><span class='ocrx_word' id='word_1_50' title='bbox 671 1615 772 1703; x_wconf 81' lang='lat' dir='ltr'>Noui3</span> <span class='ocrx_word' id='word_1_51' title='bbox 794 1624 882 1688; x_wconf 87' lang='lat' dir='ltr'>notis</span> <span class='ocrx_word' id='word_1_52' title='bbox 905 1622 1088 1706; x_wconf 73' lang='lat' dir='ltr'>praedicar.</span> 
     </span>
     <span class='ocr_line' id='line_1_12' title="bbox 587 1731 710 1794; baseline 0 0"><span class='ocrx_word' id='word_1_53' title='bbox 587 1731 710 1794; x_wconf 84' lang='lat' dir='ltr'>Simia</span> 
     </span>
     <span class='ocr_line' id='line_1_13' title="bbox 73 1837 729 1922; baseline 0.003 -22"><span class='ocrx_word' id='word_1_54' title='bbox 73 1837 228 1922; x_wconf 87' lang='lat' dir='ltr'>Propera</span> <span class='ocrx_word' id='word_1_55' title='bbox 251 1837 418 1922; x_wconf 86' lang='lat' dir='ltr'>perlegere</span> <span class='ocrx_word' id='word_1_56' title='bbox 442 1860 518 1919; x_wconf 91' lang='lat' dir='ltr'>ergo</span> <span class='ocrx_word' id='word_1_57' title='bbox 544 1839 729 1921; x_wconf 81' lang='lat' dir='ltr'>epistulam.</span> 
     </span>
     <span class='ocr_line' id='line_1_14' title="bbox 579 1947 715 2012; baseline 0.015 -2"><span class='ocrx_word' id='word_1_58' title='bbox 579 1947 715 2012; x_wconf 85' lang='lat' dir='ltr'>Ballio</span> 
     </span>
    </p>
   </div>
   <div class='ocr_carea' id='block_1_3' title="bbox 80 2056 1212 2247">
    <p class='ocr_par' dir='ltr' id='par_1_3' title="bbox 80 2056 1212 2247">
     <span class='ocr_line' id='line_1_15' title="bbox 676 2056 1212 2139; baseline 0.013 -19"><span class='ocrx_word' id='word_1_59' title='bbox 676 2056 715 2120; x_wconf 95' lang='lat' dir='ltr'>Id</span> <span class='ocrx_word' id='word_1_60' title='bbox 738 2078 810 2139; x_wconf 85' lang='lat' dir='ltr'>ago,</span> <span class='ocrx_word' id='word_1_61' title='bbox 833 2057 860 2120; x_wconf 92' lang='lat' dir='ltr'>si</span> <span class='ocrx_word' id='word_1_62' title='bbox 883 2065 993 2121; x_wconf 86' lang='lat' dir='ltr'>taceas</span> <span class='ocrx_word' id='word_1_63' title='bbox 1018 2057 1122 2122; x_wconf 92' lang='lat' dir='ltr'>modo.</span> <span class='ocrx_word' id='word_1_64' title='bbox 1146 2074 1212 2126; x_wconf 87' lang='lat'>1000</span> 
     </span>
     <span class='ocr_line' id='line_1_16' title="bbox 80 2161 698 2247; baseline 0.005 -22"><span class='ocrx_word' id='word_1_65' title='bbox 80 2161 199 2236; x_wconf 79' lang='lat' dir='ltr'>„Miles</span> <span class='ocrx_word' id='word_1_66' title='bbox 223 2163 332 2227; x_wconf 89' lang='lat' dir='ltr'>lenoni</span> <span class='ocrx_word' id='word_1_67' title='bbox 356 2163 499 2228; x_wconf 91' lang='lat' dir='ltr'>Ballioni</span> <span class='ocrx_word' id='word_1_68' title='bbox 524 2163 698 2247; x_wconf 85' lang='lat' dir='ltr'>epistulam</span> 
     </span>
    </p>
   </div>
   <div class='ocr_carea' id='block_1_4' title="bbox 75 2267 877 2462">
    <p class='ocr_par' dir='ltr' id='par_1_4' title="bbox 75 2267 877 2462">
     <span class='ocr_line' id='line_1_17' title="bbox 75 2267 877 2356; baseline 0.005 -24"><span class='ocrx_word' id='word_1_69' title='bbox 75 2267 310 2356; x_wconf 83' lang='lat' dir='ltr'>Conscriptam</span> <span class='ocrx_word' id='word_1_70' title='bbox 337 2273 437 2336; x_wconf 86' lang='lat' dir='ltr'>mittit</span> <span class='ocrx_word' id='word_1_71' title='bbox 462 2271 877 2356; x_wconf 77' lang='lat' dir='ltr'>Polymachaeroplagides,</span> 
     </span>
     <span class='ocr_line' id='line_1_18' title="bbox 77 2377 850 2462; baseline 0.008 -22"><span class='ocrx_word' id='word_1_72' title='bbox 77 2377 229 2462; x_wconf 87' lang='lat' dir='ltr'>lmagine</span> <span class='ocrx_word' id='word_1_73' title='bbox 254 2379 460 2461; x_wconf 86' lang='lat' dir='ltr'>obsignatam</span> <span class='ocrx_word' id='word_1_74' title='bbox 485 2401 568 2462; x_wconf 86' lang='lat' dir='ltr'>quae</span> <span class='ocrx_word' id='word_1_75' title='bbox 593 2381 679 2444; x_wconf 87' lang='lat' dir='ltr'>inter</span> <span class='ocrx_word' id='word_1_76' title='bbox 702 2401 761 2446; x_wconf 91' lang='lat' dir='ltr'>nos</span> <span class='ocrx_word' id='word_1_77' title='bbox 787 2381 850 2446; x_wconf 90' lang='lat' dir='ltr'>duo</span> 
     </span>
    </p>
   </div>
   <div class='ocr_carea' id='block_1_5' title="bbox 78 2483 849 2573">
    <p class='ocr_par' dir='ltr' id='par_1_5' title="bbox 78 2483 849 2573">
     <span class='ocr_line' id='line_1_19' title="bbox 78 2483 849 2573; baseline 0.008 -25"><span class='ocrx_word' id='word_1_78' title='bbox 78 2483 247 2553; x_wconf 87' lang='lat' dir='ltr'>Conuenit</span> <span class='ocrx_word' id='word_1_79' title='bbox 270 2489 375 2553; x_wconf 88' lang='lat' dir='ltr'>olim.“</span> <span class='ocrx_word' id='word_1_80' title='bbox 424 2487 612 2571; x_wconf 87' lang='lat' dir='ltr'>Symbolust</span> <span class='ocrx_word' id='word_1_81' title='bbox 635 2491 667 2553; x_wconf 92' lang='lat' dir='ltr'>in</span> <span class='ocrx_word' id='word_1_82' title='bbox 691 2489 849 2573; x_wconf 89' lang='lat' dir='ltr'>epistula;</span> 
     </span>
    </p>
   </div>
   <div class='ocr_carea' id='block_1_6' title="bbox 80 2592 1211 2789">
    <p class='ocr_par' dir='ltr' id='par_1_6' title="bbox 80 2592 1211 2789">
     <span class='ocr_line' id='line_1_20' title="bbox 81 2592 1211 2681; baseline 0.012 -24"><span class='ocrx_word' id='word_1_83' title='bbox 81 2592 188 2664; x_wconf 88' lang='lat' dir='ltr'>Uideo</span> <span class='ocrx_word' id='word_1_84' title='bbox 214 2604 246 2661; x_wconf 89' lang='lat' dir='ltr'>et</span> <span class='ocrx_word' id='word_1_85' title='bbox 269 2617 429 2679; x_wconf 83' lang='lat' dir='ltr'>cognosco</span> <span class='ocrx_word' id='word_1_86' title='bbox 455 2599 593 2681; x_wconf 89' lang='lat' dir='ltr'>signum.</span> <span class='ocrx_word' id='word_1_87' title='bbox 641 2597 705 2662; x_wconf 85' lang='lat' dir='ltr'>Sed</span> <span class='ocrx_word' id='word_1_88' title='bbox 729 2600 761 2662; x_wconf 90' lang='lat' dir='ltr'>in</span> <span class='ocrx_word' id='word_1_89' title='bbox 786 2599 925 2681; x_wconf 90' lang='lat' dir='ltr'>epistula</span> <span class='ocrx_word' id='word_1_90' title='bbox 1147 2619 1211 2670; x_wconf 84' lang='lat'>1005</span> 
     </span>
     <span class='ocr_line' id='line_1_21' title="bbox 80 2701 843 2789; baseline 0.009 -25"><span class='ocrx_word' id='word_1_91' title='bbox 80 2701 216 2770; x_wconf 84' lang='lat' dir='ltr'>Nullam</span> <span class='ocrx_word' id='word_1_92' title='bbox 240 2705 380 2770; x_wconf 85' lang='lat' dir='ltr'>salutem</span> <span class='ocrx_word' id='word_1_93' title='bbox 405 2707 533 2770; x_wconf 89' lang='lat' dir='ltr'>mittere</span> <span class='ocrx_word' id='word_1_94' title='bbox 559 2708 714 2789; x_wconf 86' lang='lat' dir='ltr'>scriptam</span> <span class='ocrx_word' id='word_1_95' title='bbox 739 2707 843 2771; x_wconf 83' lang='lat' dir='ltr'>solet?</span> 
     </span>
    </p>
   </div>
   <div class='ocr_carea' id='block_1_7' title="bbox 83 2831 935 3546">
    <p class='ocr_par' dir='ltr' id='par_1_7' title="bbox 83 2831 935 3458">
     <span class='ocr_line' id='line_1_22' title="bbox 587 2831 714 2896; baseline 0.008 -1"><span class='ocrx_word' id='word_1_96' title='bbox 587 2831 714 2896; x_wconf 85' lang='lat' dir='ltr'>Simia</span> 
     </span>
     <span class='ocr_line' id='line_1_23' title="bbox 83 2936 740 3023; baseline 0.008 -24"><span class='ocrx_word' id='word_1_97' title='bbox 83 2936 135 3002; x_wconf 89' lang='lat' dir='ltr'>lta</span> <span class='ocrx_word' id='word_1_98' title='bbox 158 2940 311 3004; x_wconf 86' lang='lat' dir='ltr'>militaris</span> <span class='ocrx_word' id='word_1_99' title='bbox 335 2939 595 3023; x_wconf 69' lang='lat' dir='ltr'>disciplinatam,</span> <span class='ocrx_word' id='word_1_100' title='bbox 620 2939 740 3004; x_wconf 90' lang='lat' dir='ltr'>Ballio:</span> 
     </span>
     <span class='ocr_line' id='line_1_24' title="bbox 84 3045 841 3129; baseline 0.011 -22"><span class='ocrx_word' id='word_1_101' title='bbox 84 3045 184 3113; x_wconf 83' lang='lat' dir='ltr'>illenu</span> <span class='ocrx_word' id='word_1_102' title='bbox 208 3049 348 3113; x_wconf 87' lang='lat' dir='ltr'>salutem</span> <span class='ocrx_word' id='word_1_103' title='bbox 372 3049 507 3112; x_wconf 87' lang='lat' dir='ltr'>mittunt</span> <span class='ocrx_word' id='word_1_104' title='bbox 531 3047 612 3112; x_wconf 89' lang='lat' dir='ltr'>bene</span> <span class='ocrx_word' id='word_1_105' title='bbox 636 3049 841 3129; x_wconf 82' lang='lat' dir='ltr'>uolentibus3</span> 
     </span>
     <span class='ocr_line' id='line_1_25' title="bbox 87 3153 935 3224; baseline 0.011 -9"><span class='ocrx_word' id='word_1_106' title='bbox 87 3153 210 3222; x_wconf 85' lang='lat' dir='ltr'>Eadem</span> <span class='ocrx_word' id='word_1_107' title='bbox 232 3158 353 3221; x_wconf 87' lang='lat' dir='ltr'>malam</span> <span class='ocrx_word' id='word_1_108' title='bbox 378 3179 446 3220; x_wconf 90' lang='lat' dir='ltr'>rem</span> <span class='ocrx_word' id='word_1_109' title='bbox 469 3159 605 3220; x_wconf 89' lang='lat' dir='ltr'>mittunt</span> <span class='ocrx_word' id='word_1_110' title='bbox 630 3159 714 3222; x_wconf 89' lang='lat' dir='ltr'>male</span> <span class='ocrx_word' id='word_1_111' title='bbox 737 3159 935 3224; x_wconf 77' lang='lat' dir='ltr'>uolentibus</span> 
     </span>
     <span class='ocr_line' id='line_1_26' title="bbox 88 3259 857 3350; baseline 0.012 -27"><span class='ocrx_word' id='word_1_112' title='bbox 88 3259 150 3327; x_wconf 90' lang='lat' dir='ltr'>Sed</span> <span class='ocrx_word' id='word_1_113' title='bbox 174 3273 210 3330; x_wconf 91' lang='lat' dir='ltr'>ut</span> <span class='ocrx_word' id='word_1_114' title='bbox 234 3265 400 3347; x_wconf 85' lang='lat' dir='ltr'>occepisti,</span> <span class='ocrx_word' id='word_1_115' title='bbox 424 3285 524 3347; x_wconf 87' lang='lat' dir='ltr'>perge</span> <span class='ocrx_word' id='word_1_116' title='bbox 548 3286 648 3345; x_wconf 86' lang='lat' dir='ltr'>opera</span> <span class='ocrx_word' id='word_1_117' title='bbox 671 3269 857 3350; x_wconf 67' lang='lat' dir='ltr'>experimen</span> 
     </span>
     <span class='ocr_line' id='line_1_27' title="bbox 88 3367 568 3458; baseline 0 -24"><span class='ocrx_word' id='word_1_118' title='bbox 88 3367 173 3446; x_wconf 81' lang='lat' dir='ltr'>Quid</span> <span class='ocrx_word' id='word_1_119' title='bbox 191 3373 340 3458; x_wconf 85' lang='lat' dir='ltr'>epistula</span> <span class='ocrx_word' id='word_1_120' title='bbox 363 3374 427 3438; x_wconf 86' lang='lat' dir='ltr'>ista</span> <span class='ocrx_word' id='word_1_121' title='bbox 449 3383 568 3438; x_wconf 86' lang='lat' dir='ltr'>narret.</span> 
     </span>
    </p>

    <p class='ocr_par' dir='ltr' id='par_1_8' title="bbox 584 3481 721 3546">
     <span class='ocr_line' id='line_1_28' title="bbox 584 3481 721 3546; baseline 0.015 -2"><span class='ocrx_word' id='word_1_122' title='bbox 584 3481 721 3546; x_wconf 90' lang='lat' dir='ltr'>Ballio</span> 
     </span>
    </p>
   </div>
   <div class='ocr_carea' id='block_1_8' title="bbox 90 3592 979 3890">
    <p class='ocr_par' dir='ltr' id='par_1_9' title="bbox 90 3592 979 3890">
     <span class='ocr_line' id='line_1_29' title="bbox 608 3592 893 3658; baseline 0.011 -5"><span class='ocrx_word' id='word_1_123' title='bbox 608 3592 763 3656; x_wconf 82' lang='lat' dir='ltr'>Ausculta</span> <span class='ocrx_word' id='word_1_124' title='bbox 787 3592 893 3658; x_wconf 92' lang='lat' dir='ltr'>modo.</span> 
     </span>
     <span class='ocr_line' id='line_1_30' title="bbox 94 3695 979 3784; baseline 0.007 -23"><span class='ocrx_word' id='word_1_125' title='bbox 94 3695 243 3781; x_wconf 81' lang='lat' dir='ltr'>„Harpax</span> <span class='ocrx_word' id='word_1_126' title='bbox 266 3698 392 3763; x_wconf 87' lang='lat' dir='ltr'>calator</span> <span class='ocrx_word' id='word_1_127' title='bbox 415 3719 507 3764; x_wconf 86' lang='lat' dir='ltr'>meus</span> <span class='ocrx_word' id='word_1_128' title='bbox 531 3707 581 3762; x_wconf 90' lang='lat' dir='ltr'>est</span> <span class='ocrx_word' id='word_1_129' title='bbox 605 3699 646 3763; x_wconf 86' lang='lat' dir='ltr'>ad</span> <span class='ocrx_word' id='word_1_130' title='bbox 669 3709 701 3764; x_wconf 93' lang='lat' dir='ltr'>te</span> <span class='ocrx_word' id='word_1_131' title='bbox 726 3703 782 3784; x_wconf 88' lang='lat' dir='ltr'>qui</span> <span class='ocrx_word' id='word_1_132' title='bbox 805 3704 898 3766; x_wconf 86' lang='lat' dir='ltr'>uenit</span> <span class='ocrx_word' id='word_1_133' title='bbox 924 3705 979 3746; x_wconf 82' lang='lat'>-“</span> 
     </span>
     <span class='ocr_line' id='line_1_31' title="bbox 90 3799 470 3890; baseline 0.016 -26"><span class='ocrx_word' id='word_1_134' title='bbox 90 3799 177 3870; x_wconf 87' lang='lat' dir='ltr'>Tune</span> <span class='ocrx_word' id='word_1_135' title='bbox 201 3828 236 3871; x_wconf 89' lang='lat' dir='ltr'>ee</span> <span class='ocrx_word' id='word_1_136' title='bbox 259 3807 290 3871; x_wconf 84' lang='lat' dir='ltr'>is</span> <span class='ocrx_word' id='word_1_137' title='bbox 312 3805 470 3890; x_wconf 81' lang='lat' dir='ltr'>Harpax?</span> 
     </span>
    </p>
   </div>
   <div class='ocr_carea' id='block_1_9' title="bbox 95 3937 315 3952">
    <p class='ocr_par' dir='ltr' id='par_1_10' title="bbox 95 3937 315 3952">
     <span class='ocr_line' id='line_1_32' title="bbox 95 3937 315 3952; baseline 0.009 -2"><span class='ocrx_word' id='word_1_138' title='bbox 95 3937 315 3952; x_wconf 35' lang='lat' dir='ltr'>“Q-fflu-</span> 
     </span>
    </p>
   </div>
   <div class='ocr_carea' id='block_1_10' title="bbox 93 4009 1218 4422">
    <p class='ocr_par' dir='ltr' id='par_1_11' title="bbox 93 4009 1218 4422">
     <span class='ocr_line' id='line_1_33' title="bbox 156 4009 1218 4080; baseline 0.005 -18"><span class='ocrx_word' id='word_1_139' title='bbox 156 4009 206 4062; x_wconf 85' lang='lat'>090</span> <span class='ocrx_word' id='word_1_140' title='bbox 225 4009 361 4078; x_wconf 86' lang='lat' dir='ltr'>pelligere</span> <span class='ocrx_word' id='word_1_141' title='bbox 382 4009 404 4064; x_wconf 85' lang='lat'>0</span> <span class='ocrx_word' id='word_1_142' title='bbox 498 4012 627 4080; x_wconf 84' lang='lat' dir='ltr'>negotius</span> <span class='ocrx_word' id='word_1_143' title='bbox 645 4011 673 4066; x_wconf 99' lang='grc' dir='ltr'><strong><em>Β</em></strong></span> <span class='ocrx_word' id='word_1_144' title='bbox 769 4015 820 4066; x_wconf 82' lang='grc'>997</span> <span class='ocrx_word' id='word_1_145' title='bbox 838 4014 904 4067; x_wconf 91' lang='lat' dir='ltr'>mihi</span> <span class='ocrx_word' id='word_1_146' title='bbox 924 4016 1052 4068; x_wconf 86' lang='lat' dir='ltr'>emittere</span> <span class='ocrx_word' id='word_1_147' title='bbox 1152 4015 1218 4067; x_wconf 93' lang='grc'><strong>1000</strong></span> 
     </span>
     <span class='ocr_line' id='line_1_34' title="bbox 95 4085 1216 4166; baseline 0.009 -24"><span class='ocrx_word' id='word_1_148' title='bbox 95 4085 133 4144; x_wconf 77' lang='lat'>01.</span> <span class='ocrx_word' id='word_1_149' title='bbox 152 4109 201 4148; x_wconf 73' lang='lat' dir='ltr'>cca.</span> <span class='ocrx_word' id='word_1_150' title='bbox 219 4093 247 4147; x_wconf 92' lang='grc' dir='ltr'><strong><em>Β</em></strong></span> <span class='ocrx_word' id='word_1_151' title='bbox 324 4096 476 4163; x_wconf 86' lang='lat' dir='ltr'>epistulam</span> <span class='ocrx_word' id='word_1_152' title='bbox 494 4113 561 4166; x_wconf 80' lang='lat' dir='ltr'>ergo</span> <span class='ocrx_word' id='word_1_153' title='bbox 643 4101 706 4150; x_wconf 88' lang='lat'>1001</span> <span class='ocrx_word' id='word_1_154' title='bbox 728 4099 875 4166; x_wconf 89' lang='lat' dir='ltr'>epistulam</span> <span class='ocrx_word' id='word_1_155' title='bbox 896 4115 945 4153; x_wconf 87' lang='lat' dir='ltr'>om.</span> <span class='ocrx_word' id='word_1_156' title='bbox 966 4097 989 4152; x_wconf 83' lang='lat'>0</span> <span class='ocrx_word' id='word_1_157' title='bbox 1060 4101 1124 4153; x_wconf 83' lang='lat'>1003</span> <span class='ocrx_word' id='word_1_158' title='bbox 1143 4099 1216 4152; x_wconf 86' lang='lat' dir='ltr'>Ima·</span> 
     </span>
     <span class='ocr_line' id='line_1_35' title="bbox 93 4175 1218 4240; baseline 0.007 -10"><span class='ocrx_word' id='word_1_159' title='bbox 93 4175 181 4240; x_wconf 78' lang='lat' dir='ltr'>ginem</span> <span class='ocrx_word' id='word_1_160' title='bbox 269 4183 336 4234; x_wconf 79' lang='lat'>1004</span> <span class='ocrx_word' id='word_1_161' title='bbox 354 4183 503 4236; x_wconf 88' lang='lat' dir='ltr'>simbolum</span> <span class='ocrx_word' id='word_1_162' title='bbox 523 4191 565 4235; x_wconf 83' lang='lat' dir='ltr'>eet</span> <span class='ocrx_word' id='word_1_163' title='bbox 643 4186 760 4237; x_wconf 82' lang='grc'><strong>1004-5</strong></span> <span class='ocrx_word' id='word_1_164' title='bbox 778 4187 885 4238; x_wconf 78' lang='lat' dir='ltr'>inverso</span> <span class='ocrx_word' id='word_1_165' title='bbox 903 4185 999 4239; x_wconf 82' lang='lat' dir='ltr'>ordine</span> <span class='ocrx_word' id='word_1_166' title='bbox 1034 4185 1060 4237; x_wconf 79' lang='lat' dir='ltr'><strong><em>A</em></strong></span> <span class='ocrx_word' id='word_1_167' title='bbox 1151 4187 1218 4238; x_wconf 79' lang='lat'>1000</span> 
     </span>
     <span class='ocr_line' id='line_1_36' title="bbox 93 4257 1218 4336; baseline 0.007 -20"><span class='ocrx_word' id='word_1_168' title='bbox 93 4257 176 4318; x_wconf 73' lang='lat' dir='ltr'>bultio</span> <span class='ocrx_word' id='word_1_169' title='bbox 249 4268 315 4319; x_wconf 93' lang='grc'><strong>1010</strong></span> <span class='ocrx_word' id='word_1_170' title='bbox 333 4283 446 4336; x_wconf 86' lang='lat' dir='ltr'>operam</span> <span class='ocrx_word' id='word_1_171' title='bbox 465 4266 517 4321; x_wconf 77' lang='grc' dir='ltr'>ΒΟ</span> <span class='ocrx_word' id='word_1_172' title='bbox 587 4271 649 4321; x_wconf 92' lang='grc'><strong>1011</strong></span> <span class='ocrx_word' id='word_1_173' title='bbox 670 4268 721 4334; x_wconf 79' lang='lat' dir='ltr'>Qui</span> <span class='ocrx_word' id='word_1_174' title='bbox 741 4268 768 4322; x_wconf 90' lang='grc' dir='ltr'><strong><em>Β</em></strong></span> <span class='ocrx_word' id='word_1_175' title='bbox 839 4271 903 4323; x_wconf 78' lang='lat'>1012</span> <span class='ocrx_word' id='word_1_176' title='bbox 922 4270 1039 4325; x_wconf 82' lang='lat' dir='ltr'>calletor</span> <span class='ocrx_word' id='word_1_177' title='bbox 1059 4269 1080 4324; x_wconf 84' lang='lat'>0</span> <span class='ocrx_word' id='word_1_178' title='bbox 1152 4271 1218 4324; x_wconf 87' lang='grc'><strong>1013</strong></span> 
     </span>
     <span class='ocr_line' id='line_1_37' title="bbox 94 4341 934 4422; baseline 0.013 -22"><span class='ocrx_word' id='word_1_179' title='bbox 94 4341 181 4402; x_wconf 83' lang='lat' dir='ltr'>Tunes</span> <span class='ocrx_word' id='word_1_180' title='bbox 200 4350 307 4418; x_wconf 81' lang='lat' dir='ltr'>saphax</span> <span class='ocrx_word' id='word_1_181' title='bbox 324 4352 359 4418; x_wconf 83' lang='grc' dir='ltr'>Β,</span> <span class='ocrx_word' id='word_1_182' title='bbox 377 4358 445 4408; x_wconf 87' lang='lat' dir='ltr'>tune</span> <span class='ocrx_word' id='word_1_183' title='bbox 464 4372 492 4406; x_wconf 86' lang='lat' dir='ltr'>es</span> <span class='ocrx_word' id='word_1_184' title='bbox 513 4353 618 4422; x_wconf 79' lang='lat' dir='ltr'>saphar</span> <span class='ocrx_word' id='word_1_185' title='bbox 638 4353 660 4408; x_wconf 88' lang='lat'>0</span> <span class='ocrx_word' id='word_1_186' title='bbox 931 4351 934 4358; x_wconf 69' lang='grc'><em>’</em></span> 
     </span>
    </p>
   </div>
   <div class='ocr_carea' id='block_1_11' title="bbox 997 4466 1013 4518">
    <p class='ocr_par' dir='ltr' id='par_1_12' title="bbox 997 4466 1013 4518">
     <span class='ocr_line' id='line_1_38' title="bbox 997 4466 1013 4518; baseline 0 0"><span class='ocrx_word' id='word_1_187' title='bbox 997 4466 1013 4518; x_wconf 91' lang='grc'><strong>6</strong></span> 
     </span>
    </p>
   </div>
   <div class='ocr_carea' id='block_1_12' title="bbox 0 0 1520 5002">
    <p class='ocr_par' dir='ltr' id='par_1_13' title="bbox 0 0 1520 5002">
     <span class='ocr_line' id='line_1_39' title="bbox 0 0 1520 5002; baseline 0 0"><span class='ocrx_word' id='word_1_188' title='bbox 0 0 1520 5002; x_wconf 95' lang='lat' dir='ltr'> </span> 
     </span>
    </p>
   </div>
  </div>
 </body>
</html>
