2982 5000
220 517 279 578 196
734 513 825 567 Plauti

640 701 916 768 Anterastilis

218 807 318 875 Certo
341 811 435 890 enim,
461 810 547 894 qnod
572 811 703 894 quidem
726 811 766 874 ad
790 831 850 878 uos
873 811 956 876 duas

217 917 384 996 adoinoia,
419 925 668 1002 praepotentes,
702 918 836 1002 pulcrae
860 919 1014 1003 pacisque
1038 925 1205 1003 potentes,
1242 941 1349 998 soror,

984 1027 1112 1104 luimus,
1278 1047 1351 1098 1180

217 1135 331 1218 Neque
354 1133 396 1201 ab
420 1136 590 1200 iuuentute
613 1133 657 1198 ibi
683 1135 856 1199 inridiculo
874 1134 1017 1209 habitae,
1042 1135 1130 1219 quod
1150 1136 1204 1219 pol
1224 1140 1346 1202 ceteris

984 1243 1132 1308 omnibus
1144 1243 1269 1308 fectum
1283 1251 1347 1308 est.

634 1362 921 1446 Adelphasium

217 1469 328 1535 Malim
351 1473 437 1536 istuc
459 1469 533 1534 aliis
556 1471 603 1534 ita
627 1471 788 1537 uideatur.
818 1491 917 1555 quam
940 1471 988 1534 uti
1012 1475 1049 1533 tu
1072 1477 1114 1542 te,
1138 1491 1241 1548 soror,
1267 1492 1350 1535 con·

982 1577 1104 1642 laudes.

640 1685 914 1752 Anterastilis

218 1791 320 1878 Spero
344 1794 506 1878 equidem.

630 1901 923 1984 Adelphasium

424 2009 465 2074 Et
488 2009 542 2092 pol
566 2031 636 2092 ego,
661 2030 775 2091 quom,
799 2011 937 2091 ingeniis
961 2009 1081 2094 quibus
1105 2031 1217 2074 sumus
1240 2017 1347 2092 atque

983 2118 1078 2197 aliae,
1101 2138 1273 2200 cognosco.

216 2223 263 2290 Eo
287 2245 398 2291 sumus
421 2233 539 2309 gnatae
562 2248 689 2311 genere,
712 2234 749 2292 nt
767 2227 881 2291 deceat
898 2246 958 2290 nos
977 2247 1049 2290 esse
1068 2247 1088 2290 a
1106 2225 1204 2308 culpa
1221 2233 1343 2290 castas.

708 2346 852 2412 Hanno

214 2451 374 2538 Iuppiter,
393 2457 448 2538 qui
466 2475 568 2538 genus
588 2455 666 2520 eolis
685 2455 812 2537 elinque
825 2455 1001 2534 hominum,
1020 2476 1077 2538 per
1089 2475 1185 2538 quem
1197 2455 1342 2518 uiuimus

983 2563 1118 2628 uitalem
1130 2583 1255 2638 aeuum,
1274 2577 1342 2631 1186

215 2669 318 2748 Quem
330 2691 431 2755 penes
444 2691 520 2754 spes
532 2673 621 2737 uitae
635 2679 712 2737 sunt
730 2671 896 2737 hominum
918 2673 1071 2748 omnium,
1090 2670 1131 2734 da
1150 2671 1236 2735 diem
1252 2669 1341 2735 hunc

983 2781 1149 2863 sospitem,
1172 2799 1305 2860 quaeso,

215 2887 296 2952 Meis
318 2887 417 2952 rebus
440 2887 589 2970 agundis.
635 2888 760 2967 Quibus
784 2909 888 2952 annos
912 2887 1031 2972 multos
1054 2888 1159 2962 carui,
1191 2905 1339 2968 quaeque

983 2997 1130 3078 epatris

216 3101 347 3168 Perdidi
361 3125 491 3188 paruas,
499 3104 760 3185 redde‚inuictee
774 3105 954 3188 praemium
968 3111 1004 3168 ut
1016 3124 1087 3168 esse
1099 3105 1198 3168 sciam
1212 3103 1340 3185 pietati.

630 3225 925 3308 Agorastocles
962 3307 964 3312 Ι

216 3331 333 3397 Omnia
355 3331 455 3398 faciet
477 3333 626 3416 Iuppiter
647 3333 732 3398 faxo.

708 3453 849 3518 Hanno

758 3561 844 3626 Tace
868 3581 1003 3644 quaeso.

636 3681 920 3764 Aperastocles

963 3788 1011 3852 Ne
1036 3787 1188 3865 lacrumo,
1213 3793 1342 3869 patrue.

285 3978 457 4030 1179Aom.
536 3978 598 4030 1181
619 3977 665 4044 pol
685 3992 766 4031 soror
785 3978 884 4030 ceteris
957 3973 1203 4027 1182utitecteB
1274 3975 1344 4026 1183

214 4058 284 4115 ΑΒ
352 4061 428 4118 rUt
446 4061 494 4132 pol
556 4079 662 4131 gnoson
682 4061 709 4114 B
776 4063 841 4115 1185
860 4059 1016 4130 aliisqueG
1080 4059 1163 4114 talem
1183 4057 1210 4110 B
1273 4060 1344 4112 1186

214 4145 298 4213 Quem
319 4147 394 4216 apud
412 4165 498 4218 penes
517 4165 566 4217 spe
641 4148 764 4201 omnium
784 4163 833 4202 om.
853 4147 880 4200 B
961 4147 1027 4198 1187
1045 4146 1130 4198 rebus
1148 4146 1200 4197 mis
1221 4145 1343 4208 agundis

214 4239 245 4286 ut
264 4232 291 4297 0,
311 4234 356 4286 Me
375 4233 429 4287 hiis
447 4235 627 4304 misigaindes
646 4241 677 4286 ut
695 4231 722 4286 Β
792 4249 807 4286 e
826 4249 875 4287 om.
953 4231 1018 4284 1188
1036 4231 1121 4284 redde
1140 4231 1162 4283 is
1181 4229 1343 4283 ubertatem

213 4318 318 4372 inuicte
374 4321 440 4374 1189
458 4320 523 4374 faxo
542 4337 605 4373 nam
625 4319 693 4372 mihi
713 4325 757 4373 eat
775 4319 904 4372 obnixius
923 4323 952 4372 et
970 4333 1014 4370 me
1033 4317 1142 4370 metuit.
1161 4313 1193 4367 Χ.
1212 4313 1287 4370 Tace

214 4404 338 4458 laer-nme
