2982 5000
221 375 281 438 198
424 355 429 368 '
730 369 821 424 rouo
1145 367 1178 436 v,
1196 372 1220 438 r,
1238 370 1339 423 ar-ss

636 557 923 640 Adelphasium

219 666 294 734 Non
305 687 344 732 oo
356 687 476 750 genere
494 687 608 734 sumus
620 673 811 750 prognatae,
832 667 963 731 tametsi
975 687 1088 732 sumus
1101 687 1227 745 seruae,
1238 685 1341 742 soror,

219 773 264 842 Ut
293 775 411 842 deceat
437 795 497 840 nos
523 773 631 840 faeere
654 773 843 858 quidquam,
868 771 954 856 quod
975 772 1073 838 homo
1095 775 1269 858 quisquam
1291 776 1343 838 in-

983 882 1101 946 rideat.
1275 899 1345 951 120⁰

218 991 324 1058 Multa
346 999 422 1057 eunt
443 989 616 1056 mulierum
637 989 728 1066 uitia,
753 989 810 1054 sed
833 989 895 1054 hoo
912 1009 929 1052 o
948 989 1059 1054 multis
1077 1011 1263 1055 maxumum
1282 997 1343 1065 est,

219 1099 325 1178 Quom
346 1099 410 1164 sibi
431 1098 528 1164 nimis
551 1097 684 1182 placent
706 1117 878 1179 mmusque
901 1097 1026 1162 addunt
1048 1119 1180 1181 operam
1205 1100 1253 1162 ute'
1270 1098 1345 1182 pla-

982 1213 1078 1270 ceant
1103 1208 1193 1272 uiris.

637 1347 914 1412 Anterastilis

218 1459 346 1524 Nimiae
368 1455 533 1540 uoluptati
556 1461 620 1532 est,
650 1453 736 1537 quod
760 1455 792 1518 in
816 1457 900 1518 extis
923 1457 1044 1520 nostris
1067 1464 1254 1540 portentum
1279 1467 1346 1535 est,

984 1584 1086 1640 soror,

219 1671 313 1750 Quod
335 1671 498 1756 haruspex
522 1671 562 1736 de
585 1670 745 1736 ambabus
769 1671 860 1741 dixit,

629 1825 923 1906 Aporostoclea

793 1931 899 1998 Uelim
922 1933 962 1996 de
985 1953 1036 1997 me
1059 1933 1185 2018 aliquid
1210 1933 1344 2000 dixerit.

642 2086 913 2150 A'oterostilts

218 2195 286 2262 Nos
307 2195 377 2261 fore
400 2195 505 2259 inuito
528 2193 659 2258 domino
683 2201 794 2258 nostro
819 2193 932 2259 diebus
956 2195 1071 2278 pauoia
1093 2194 1221 2259 liberas.
1275 2214 1347 2266 1205

217 2305 256 2370 ld
268 2325 336 2386 ego,
357 2303 420 2367 nisi
433 2302 511 2386 quid
524 2301 557 2366 di
570 2307 627 2366 aut
639 2309 790 2386 parentes
802 2301 914 2381 faxint,
932 2305 990 2386 qui
1003 2323 1138 2387 sperem,
1157 2303 1247 2368 haud
1261 2307 1344 2369 scio.

632 2457 920 2539 Aporostooles

219 2565 293 2630 Mea
313 2562 432 2628 fidutia
454 2562 570 2628 horale
585 2563 758 2647 haruspex,
782 2573 906 2647 patrue,
931 2564 981 2628 his
1005 2565 1163 2648 promisit,
1186 2566 1264 2642 seio,

219 2673 430 2751 Libertatem,
453 2673 532 2756 quia
554 2693 605 2736 mo
628 2692 737 2737 amare
760 2671 846 2736 hano
870 2673 940 2735 soit.

635 2823 919 2918 Adelphasium

885 2931 993 3006 Soror,
1017 2954 1152 3016 sequere
1175 2934 1245 2999 hae.

641 3087 914 3153 Anterastilis

1204 3174 1338 3259 Sequor.

708 3298 848 3363 Hanno

218 3409 416 3492 Priusquam
438 3407 548 3486 abitis,
571 3427 630 3471 uos
654 3407 729 3471 uolo
753 3407 875 3472 ambas.
922 3406 992 3471 Nisi
1014 3408 1111 3490 piget,
1138 3409 1317 3473 consistite.

633 3560 921 3642 Adelphasium

219 3669 300 3748 Quis
321 3669 478 3736 reuocat?

287 3910 353 3964 1199
370 3925 465 3964 summ
484 3906 631 3977 generet)
704 3909 769 3961 1000
786 3905 878 3960 faoere
896 3903 990 3960 uosO
1065 3907 1127 3959 1201
1146 3906 1297 3959 maximust
1313 3905 1341 3959 A

218 3995 285 4049 stoa
303 3994 411 4049 addunt
428 4009 479 4050 om.
497 3993 552 4049 Bo
616 3999 648 4047 ut
719 3993 783 4045 1203
802 4009 884 4045 soror
902 3989 987 4046 estO
1055 3993 1120 4046 1204
1138 3990 1273 4060 Quodque

217 4079 393 4150 aliquidquid
473 4081 538 4134 1206
555 4077 624 4148 quid
642 4093 749 4146 sperem
828 4075 927 4131 hauA
1008 4079 1074 4130 1007
1092 4077 1169 4130 Meas
1186 4075 1215 4130 Β
1289 4075 1340 4129 Pa·

216 4165 313 4220 truelis
331 4165 461 4235 promisit
480 4163 503 4220 0
574 4164 641 4218 1208
659 4179 753 4216 sorore
772 4179 858 4232 quere
875 4162 903 4217 Β
984 4163 1050 4217 1209
1068 4163 1158 4216 habiit
1176 4178 1241 4215 suos
1260 4161 1337 4215 uola-

216 4251 313 4304 mabas
332 4247 368 4318 B,
386 4249 542 4303 habitisuos
562 4246 707 4302 clamabas
726 4247 749 4302 0

1484 2133 1490 2199 l
