2982 5000
280 457 342 518 242
761 449 921 506 Pseudolus
1476 391 1479 604 Ι

280 653 314 706 ut
341 648 452 706 nummi
479 647 510 706 iu
538 665 678 704 crumena
706 647 857 718 concussi3
890 645 927 703 of.
951 645 1010 704 Gic.
1034 645 1072 703 ed
1101 647 1164 704 Att.
1188 644 1267 720 xlv,
1289 647 1337 708 21.
1364 647 1401 702 4;

282 757 440 828 „exspecto
454 795 460 808 .
475 795 482 808 .
497 795 503 810 .
517 747 623 826 ecquid
646 747 800 807 Dolabella
821 745 948 808 tinnist“
980 745 1014 820 (i.
1037 769 1062 808 e.
1086 747 1193 826 ecquid
1215 769 1401 808 nummorum

279 851 397 926 efferet)
433 873 487 926 „sn
520 854 551 910 in
580 869 645 910 meo
675 853 792 910 nomine
819 851 936 910 tubulus
964 871 1054 910 novus
1084 847 1218 913 lecerit“.
1252 881 1292 894 ··-
1325 854 1402 912 310.
1479 887 1480 892 1

279 949 384 1032 Atque
406 969 470 1032 epo,
494 955 530 1013 cf.
558 955 675 1030 „Atque
698 949 822 1031 edepol“
848 954 924 1013 inire
948 953 1018 1012 780.
1045 955 1135 1014 1026.
1159 983 1202 995 -
1232 956 1300 1014 312.
1322 969 1403 1030 sup-

275 1051 376 1134 plicat
396 1059 431 1117 A.
454 1085 497 1098 -
521 1057 591 1116 313.
623 1055 799 1132 arpentum,
822 1061 858 1115 nt
879 1061 1022 1132 urgentes
1043 1059 1099 1128 46,
1127 1056 1166 1114 el.
1189 1087 1233 1098 -
1261 1059 1328 1142 314.
1354 1053 1403 1116 la-

279 1161 417 1220 mentare
439 1159 541 1218 Lemb.
559 1187 601 1200 ·-
620 1161 689 1218 315.
722 1154 820 1234 Apud
840 1173 1015 1232 nouercam,
1038 1161 1097 1218 ie.
1117 1159 1197 1236 opud
1215 1180 1290 1232 eum,
1312 1181 1402 1238 quem
1480 1163 1481 1204 ἶ

279 1285 338 1324 uon
372 1264 466 1337 megin
504 1265 549 1320 tui
587 1264 709 1320 miseret
744 1281 831 1340 quem
873 1281 1027 1320 novercam
1070 1264 1210 1338 privigni.
1249 1293 1291 1303 -
1328 1257 1403 1322 Eho

280 1386 344 1426 cum
374 1369 509 1442 proxime
538 1365 633 1423 vcccli
661 1363 815 1436 coelesoit3
851 1365 951 1422 hiatur
980 1366 1011 1422 in
1039 1363 1166 1423 dieresi.
1235 1365 1269 1424 R.
1296 1363 1401 1437 „Eho“

280 1469 415 1541 delebut;
440 1467 484 1526 Fl.
506 1466 588 1544 „Eho
612 1485 648 1526 sn
666 1463 717 1526 tu“
743 1467 789 1525 ed.
834 1469 880 1525 Au
897 1474 939 1540 tn,
964 1467 1124 1544 respondet
1141 1467 1314 1540 Pseudolus,
1338 1471 1404 1526 eius

280 1591 409 1630 noverca
425 1590 455 1628 es
473 1577 526 1628 eut
547 1590 611 1628 cum
635 1575 722 1646 petre
746 1572 810 1628 eius
827 1569 975 1646 impudice
992 1565 1194 1628 consuevisti?
1216 1570 1251 1628 cl.
1266 1571 1337 1629 Cist.
1350 1573 1402 1629 44.
1481 1551 1482 1558 ἶ

280 1703 321 1716 -
335 1675 405 1734 316.
430 1667 479 1732 Di
499 1667 631 1731 meliora
652 1666 758 1748 scotist
779 1679 810 1730 et
829 1665 911 1732 Foco
928 1665 1012 1750 quod
1028 1671 1064 1730 A.
1087 1701 1122 1712 -
1143 1674 1214 1731 317.
1238 1667 1313 1733 Meo
1329 1665 1404 1747 fide„

279 1778 351 1836 mihi
374 1775 509 1836 confisus.
534 1803 576 1816 -
602 1769 639 1833 io
661 1769 718 1832 too
738 1769 852 1849 triduo,
877 1776 913 1834 of.
927 1795 953 1836 v.
967 1777 995 1834 9.
1019 1805 1061 1814 -
1085 1776 1156 1834 318.
1180 1775 1237 1834 cut
1257 1769 1405 1834 clicsmde
1482 1855 1483 1862 ἵ

281 1879 441 1956 Bergliius3
475 1877 510 1936 R.
543 1877 698 1952 „alicunde
729 1875 859 1956 slique“.
892 1909 936 1918 —
968 1872 1124 1948 molucam,
1159 1877 1329 1954 expediens,
1365 1877 1403 1934 ci.
1482 1891 1483 1914 ³

280 1983 386 2057 fragm.
409 1988 447 2038 tr.
472 1980 557 2038 libet.
581 1981 620 2038 ud
649 1961 781 2039 llereuu.¹
801 1980 843 2054 11,
875 1983 930 2058 26,
954 1983 1009 2040 42ε
1048 1999 1195 2057 „nequeo,
1225 1979 1290 2051 Qus
1315 1999 1406 2036 ceusu

281 2103 412 2144 accusem
436 2083 523 2154 huno,
547 2081 717 2161 exputando
735 2079 904 2142 euoluere“.
923 2113 964 2124 --
992 2085 1062 2142 319.
1087 2097 1149 2160 qua
1172 2095 1284 2157 opera.
1299 2129 1304 2140 .
1319 2129 1325 2140 .
1338 2097 1407 2140 una
1483 2142 1484 2170 1

283 2201 384 2262 opero,
414 2206 441 2244 v.
465 2185 502 2244 sd
525 2186 607 2245 Asin.
632 2187 681 2244 98.
714 2213 752 2226 -·
782 2187 843 2244 320
868 2185 955 2244 effert
976 2187 1091 2246 Nonius
1114 2206 1142 2262 p.
1169 2187 1244 2244 331:
1279 2185 1407 2258 „Lectos

280 2283 421 2349 dicuntur
448 2285 618 2362 intentius“,
654 2293 734 2346 tum:
780 2289 912 2362 „sllioem
951 2289 1112 2364 fugitiuum
1147 2285 1280 2347 cunem“.
1347 2289 1407 2360 Qui

281 2395 420 2470 quonism
449 2392 480 2449 in
508 2391 667 2450 verborum
697 2392 802 2450 ordine
825 2411 889 2449 cum
914 2391 940 2448 A
964 2393 1130 2468 ceterisque
1153 2394 1314 2470 conspiret¹
1338 2393 1407 2450 his·

281 2501 345 2554 tum
372 2501 440 2571 post
469 2507 576 2552 canem
604 2494 725 2572 reliqui,
760 2513 787 2552 v.
812 2493 927 2568 Proleg.
958 2514 987 2570 p.
1013 2497 1083 2554 224.
1140 2493 1335 2554 Proverbinm
1371 2515 1409 2554 ex
1484 2492 1485 2526 ¹

282 2599 384 2657 Graeco
413 2597 549 2656 ductum:
584 2599 654 2654 κύων
677 2599 734 2672 παῤ
755 2597 875 2672 ἐντέροις,
899 2617 926 2656 v.
951 2597 1084 2656 Peroem.
1125 2596 1219 2656 Grec.
1242 2599 1258 2656 I
1274 2617 1309 2674 p.
1335 2599 1409 2658 164.

282 2701 386 2760 Perdit
412 2719 533 2776 operum
562 2703 613 2776 qui
640 2719 741 2758 cenem
769 2702 854 2776 qussi
881 2701 1034 2760 custodem
1062 2699 1140 2776 opud
1171 2701 1264 2760 leotes
1294 2703 1410 2759 vincire

282 2809 418 2876 conetur,
441 2823 509 2861 uem
531 2823 580 2861 sss
604 2805 685 2861 brevi
708 2801 852 2861 comedet.
877 2831 917 2844 -
941 2805 1011 2862 322.
1036 2797 1161 2881 aliquos
1182 2805 1217 2877 A,
1242 2825 1270 2862 v.
1283 2803 1321 2861 ed
1336 2805 1410 2862 284.

285 2935 320 2946 -
348 2907 418 2965 325.
441 2900 559 2979 facicm
581 2901 931 2978 lcotootem‚ol.1042.
968 2905 1057 2966 Poen.
1079 2908 1150 2966 374.
1185 2906 1293 2983 Amph.
1317 2909 1411 2965 1023.

283 3011 365 3068 Asin.
388 3011 438 3066 47.
484 3007 562 3067 Meu.
594 3009 665 3068 364.
712 3007 804 3066 Stich.
828 3009 900 3067 408.
946 3010 1035 3067 etism
1062 3007 1147 3068 Coro.
1174 3011 1228 3068 el:
1267 3008 1307 3082 „fi
1335 3009 1413 3068 mihi

283 3105 478 3187 obsequeus“.
501 3139 541 3150 -
572 3113 643 3170 326.
676 3105 742 3170 iam
771 3129 808 3168 ex
837 3111 970 3185 vestigiis
993 3109 1017 3168 B
1040 3109 1075 3171 Re
1107 3141 1146 3152 --
1177 3112 1247 3170 327.
1283 3125 1413 3172 arcesse

285 3211 455 3272 Beroaldus.
474 3241 515 3254 -
534 3215 604 3273 328.
631 3211 777 3288 „Victima
795 3217 889 3272 maior
906 3219 960 3286 est,
984 3214 1082 3273 hostis
1099 3211 1212 3273 miuor“
1235 3215 1279 3272 eit
1296 3213 1412 3273 Fronto

285 3315 322 3374 de
344 3314 519 3373 differentiis
546 3335 611 3374 voc.
634 3321 719 3389 extr„
742 3317 778 3375 cf.
801 3315 881 3375 Fest.
899 3315 955 3392 Ep.
979 3317 1053 3375 126:
1080 3316 1258 3391 „Maximum
1281 3317 1411 3374 hostium

285 3415 367 3477 ovilli
396 3419 524 3495 pecoris¹
539 3415 760 3496 appellsbeut“.
784 3447 827 3458 -
849 3417 939 3476 Deest
969 3419 1084 3495 syllebs
1113 3425 1219 3496 querto
1253 3419 1338 3494 pedi;
1372 3417 1409 3478 R.

289 3517 411 3594 „huice“
441 3521 504 3594 ed,
538 3519 683 3580 Fleckeis.
716 3520 803 3594 „huic
838 3527 873 3578 ut
901 3517 986 3598 ego“,
1028 3522 1147 3582 Muller.
1173 3521 1279 3595 „hodie
1310 3519 1409 3594 linic“,

285 3623 336 3682 Br.
368 3622 455 3696 „hnic
483 3619 560 3682 hio“.
597 3653 634 3664 -
669 3637 791 3682 summo
818 3617 905 3696 Iovi,
940 3623 976 3682 oi.
1006 3623 1089 3702 Gept
1114 3625 1189 3682 85⁷:
1227 3641 1302 3698 „ego
1333 3645 1411 3684 nunc

285 3727 341 3784 tibi
359 3745 424 3783 sum
442 3745 572 3785 summus
588 3724 754 3804 Iuppiter“.
767 3755 810 3766 -·
825 3727 895 3785 329.
919 3741 1014 3804 quam
1025 3729 1060 3786 A.
1078 3757 1122 3768 -
1139 3729 1209 3786 330.
1233 3721 1363 3804 equinis
1374 3729 1408 3800 A,

286 3833 316 3886 et
338 3828 380 3886 sic
401 3829 545 3904 scriptum
567 3829 658 3888 fuisse
680 3831 834 3908 proximus
857 3849 958 3888 versus
981 3835 1085 3906 operte
1107 3829 1246 3888 ostendit.
1291 3831 1410 3904 Agniua

286 3935 371 4004 exte,
405 3937 510 4007 utpote
537 3951 573 3990 ex
601 3931 767 3991 minoribus
790 3931 902 4004 hostiis,
933 3938 964 3989 et
986 3933 1121 3990 victimas
1143 3933 1220 3990 inter
1240 3951 1275 3988 se
1299 3935 1410 4011 opponi

166 4071 171 4086 ι
286 4053 374 4112 posse
397 4041 521 4114 sppsret
542 4055 578 4094 ex
600 4055 628 4093 r.
654 4036 714 4094 327
737 4053 792 4111 sq.‚
823 4033 875 4092 sed
902 4053 958 4092 nou
991 4036 1086 4092 minue
1108 4040 1233 4111 eppsret
1254 4035 1283 4093 h.
1308 4037 1327 4092 l.
1351 4055 1411 4094 non

288 4137 391 4212 epulus
421 4139 470 4195 sed
500 4140 652 4216 pecuniam
682 4135 852 4211 significari.
908 4136 970 4195 Hoc
999 4145 1032 4194 ut
1055 4135 1220 4219 efficerent,
1250 4139 1308 4196 viri
1330 4138 1411 4197 docti

288 4241 372 4298 veris
394 4247 556 4312 tentarunt,
580 4240 711 4316 Scaliger
730 4235 908 4312 „minimis‘'‚
932 4258 990 4315 quo
1013 4240 1100 4296 simul
1123 4239 1159 4298 cd
1182 4241 1277 4298 mines
1294 4244 1411 4318 argenti
