<?xml version="1.0" encoding="UTF-8"?>
<!DOCTYPE html PUBLIC "-//W3C//DTD XHTML 1.0 Transitional//EN"
    "http://www.w3.org/TR/xhtml1/DTD/xhtml1-transitional.dtd">
<html xmlns="http://www.w3.org/1999/xhtml" xml:lang="en" lang="en">
 <head>
  <title>
</title>
<meta http-equiv="Content-Type" content="text/html;charset=utf-8" />
  <meta name='ocr-system' content='tesseract 3.04.00' />
  <meta name='ocr-capabilities' content='ocr_page ocr_carea ocr_par ocr_line ocrx_word'/>
</head>
<body>
  <div class='ocr_page' id='page_1' title='image "./tmacciiplautico01ussigoog_0257.png"; bbox 0 0 2978 5004; ppageno 0'>
   <div class='ocr_carea' id='block_1_1' title="bbox 285 493 958 563">
    <p class='ocr_par' dir='ltr' id='par_1_1' title="bbox 285 493 958 563">
     <span class='ocr_line' id='line_1_1' title="bbox 285 493 958 563; baseline 0.001 -17"><span class='ocrx_word' id='word_1_1' title='bbox 285 497 347 558; x_wconf 79' lang='grc'>248</span> <span class='ocrx_word' id='word_1_2' title='bbox 711 493 792 548; x_wconf 71' lang='lat' dir='ltr'>Miles</span> <span class='ocrx_word' id='word_1_3' title='bbox 810 494 958 563; x_wconf 77' lang='lat' dir='ltr'>gloriosus.</span> 
     </span>
    </p>
   </div>
   <div class='ocr_carea' id='block_1_2' title="bbox 285 687 1396 852">
    <p class='ocr_par' dir='ltr' id='par_1_2' title="bbox 285 687 1396 852">
     <span class='ocr_line' id='line_1_2' title="bbox 286 687 1395 766; baseline -0.003 -20"><span class='ocrx_word' id='word_1_4' title='bbox 286 687 363 746; x_wconf 89' lang='lat' dir='ltr'>didit</span> <span class='ocrx_word' id='word_1_5' title='bbox 385 687 464 747; x_wconf 85' lang='lat' dir='ltr'>Cam.</span> <span class='ocrx_word' id='word_1_6' title='bbox 509 689 751 766; x_wconf 88' lang='lat' dir='ltr'>Imprecationem</span> <span class='ocrx_word' id='word_1_7' title='bbox 783 688 883 748; x_wconf 80' lang='lat' dir='ltr'><strong>reddit</strong></span> <span class='ocrx_word' id='word_1_8' title='bbox 910 689 998 747; x_wconf 84' lang='lat' dir='ltr'>solito</span> <span class='ocrx_word' id='word_1_9' title='bbox 1021 709 1118 764; x_wconf 89' lang='lat' dir='ltr'>more,</span> <span class='ocrx_word' id='word_1_10' title='bbox 1147 691 1182 748; x_wconf 86' lang='lat' dir='ltr'>cf.</span> <span class='ocrx_word' id='word_1_11' title='bbox 1207 689 1291 748; x_wconf 81' lang='lat' dir='ltr'>Asin.</span> <span class='ocrx_word' id='word_1_12' title='bbox 1321 689 1395 746; x_wconf 81' lang='lat'>304.</span> 
     </span>
     <span class='ocr_line' id='line_1_3' title="bbox 285 791 1396 852; baseline -0.002 -3"><span class='ocrx_word' id='word_1_13' title='bbox 285 791 349 850; x_wconf 83' lang='lat' dir='ltr'>Cae.</span> <span class='ocrx_word' id='word_1_14' title='bbox 374 793 445 850; x_wconf 88' lang='lat'>609.</span> <span class='ocrx_word' id='word_1_15' title='bbox 501 791 585 849; x_wconf 87' lang='lat' dir='ltr'>Cure.</span> <span class='ocrx_word' id='word_1_16' title='bbox 618 793 688 851; x_wconf 82' lang='lat'>314.</span> <span class='ocrx_word' id='word_1_17' title='bbox 719 793 789 851; x_wconf 80' lang='lat'>317.</span> <span class='ocrx_word' id='word_1_18' title='bbox 841 791 947 850; x_wconf 87' lang='lat' dir='ltr'>Pseud.</span> <span class='ocrx_word' id='word_1_19' title='bbox 979 795 1049 852; x_wconf 85' lang='lat'>335.</span> <span class='ocrx_word' id='word_1_20' title='bbox 1105 792 1195 852; x_wconf 85' lang='lat' dir='ltr'>Poeu.</span> <span class='ocrx_word' id='word_1_21' title='bbox 1219 795 1291 850; x_wconf 80' lang='lat'>646.</span> <span class='ocrx_word' id='word_1_22' title='bbox 1321 792 1396 848; x_wconf 77' lang='lat'>781.</span> 
     </span>
    </p>
   </div>
   <div class='ocr_carea' id='block_1_3' title="bbox 285 890 1476 968">
    <p class='ocr_par' dir='ltr' id='par_1_3' title="bbox 285 890 1476 968">
     <span class='ocr_line' id='line_1_4' title="bbox 285 890 1476 968; baseline -0.004 -15"><span class='ocrx_word' id='word_1_23' title='bbox 285 893 361 954; x_wconf 80' lang='lat' dir='ltr'>nus.</span> <span class='ocrx_word' id='word_1_24' title='bbox 385 896 454 953; x_wconf 79' lang='lat'>375.</span> <span class='ocrx_word' id='word_1_25' title='bbox 480 897 549 952; x_wconf 75' lang='grc'><strong>835.</strong></span> <span class='ocrx_word' id='word_1_26' title='bbox 576 925 616 934; x_wconf 92' lang='grc'>-</span> <span class='ocrx_word' id='word_1_27' title='bbox 640 897 710 955; x_wconf 85' lang='grc'><strong>329.</strong></span> <span class='ocrx_word' id='word_1_28' title='bbox 735 893 910 954; x_wconf 79' lang='lat' dir='ltr'>orationem</span> <span class='ocrx_word' id='word_1_29' title='bbox 932 890 1027 954; x_wconf 75' lang='lat' dir='ltr'>oliam</span> <span class='ocrx_word' id='word_1_30' title='bbox 1049 895 1218 968; x_wconf 80' lang='lat' dir='ltr'>conmotus,</span> <span class='ocrx_word' id='word_1_31' title='bbox 1243 898 1261 952; x_wconf 90' lang='lat' dir='ltr'>i.</span> <span class='ocrx_word' id='word_1_32' title='bbox 1276 915 1304 953; x_wconf 87' lang='lat' dir='ltr'>e.</span> <span class='ocrx_word' id='word_1_33' title='bbox 1332 913 1395 950; x_wconf 88' lang='lat' dir='ltr'>mu·</span> <span class='ocrx_word' id='word_1_34' title='bbox 1475 919 1476 948; x_wconf 68' lang='lat' dir='ltr'>i</span> 
     </span>
    </p>
   </div>
   <div class='ocr_carea' id='block_1_4' title="bbox 284 997 1394 1074">
    <p class='ocr_par' dir='ltr' id='par_1_4' title="bbox 284 997 1394 1074">
     <span class='ocr_line' id='line_1_5' title="bbox 284 997 1394 1074; baseline -0.001 -20"><span class='ocrx_word' id='word_1_35' title='bbox 284 1001 395 1056; x_wconf 87' lang='lat' dir='ltr'>tatione</span> <span class='ocrx_word' id='word_1_36' title='bbox 418 998 497 1056; x_wconf 87' lang='lat' dir='ltr'>facta</span> <span class='ocrx_word' id='word_1_37' title='bbox 525 1017 688 1074; x_wconf 75' lang='lat' dir='ltr'>comparas,</span> <span class='ocrx_word' id='word_1_38' title='bbox 718 1000 754 1056; x_wconf 88' lang='lat' dir='ltr'>cf.</span> <span class='ocrx_word' id='word_1_39' title='bbox 780 999 860 1056; x_wconf 90' lang='lat' dir='ltr'>Pers.</span> <span class='ocrx_word' id='word_1_40' title='bbox 887 1001 961 1057; x_wconf 77' lang='lat'><strong>570:</strong></span> <span class='ocrx_word' id='word_1_41' title='bbox 999 1001 1128 1070; x_wconf 83' lang='lat' dir='ltr'>„ferreae</span> <span class='ocrx_word' id='word_1_42' title='bbox 1158 997 1239 1056; x_wconf 85' lang='lat' dir='ltr'>audie</span> <span class='ocrx_word' id='word_1_43' title='bbox 1269 1015 1394 1057; x_wconf 87' lang='lat' dir='ltr'>conmu-</span> 
     </span>
    </p>
   </div>
   <div class='ocr_carea' id='block_1_5' title="bbox 285 1097 1477 1176">
    <p class='ocr_par' dir='ltr' id='par_1_5' title="bbox 285 1097 1477 1176">
     <span class='ocr_line' id='line_1_6' title="bbox 285 1097 1477 1176; baseline -0.002 -18"><span class='ocrx_word' id='word_1_44' title='bbox 285 1107 344 1173; x_wconf 84' lang='lat' dir='ltr'>tes;</span> <span class='ocrx_word' id='word_1_45' title='bbox 367 1102 467 1159; x_wconf 90' lang='lat' dir='ltr'>limina</span> <span class='ocrx_word' id='word_1_46' title='bbox 490 1101 574 1160; x_wconf 85' lang='lat' dir='ltr'>iudas</span> <span class='ocrx_word' id='word_1_47' title='bbox 598 1097 725 1159; x_wconf 85' lang='lat' dir='ltr'>ferree“.</span> <span class='ocrx_word' id='word_1_48' title='bbox 762 1101 848 1160; x_wconf 87' lang='lat' dir='ltr'>Rhet.</span> <span class='ocrx_word' id='word_1_49' title='bbox 867 1101 903 1176; x_wconf 77' lang='lat' dir='ltr'>ad</span> <span class='ocrx_word' id='word_1_50' title='bbox 923 1101 1051 1158; x_wconf 88' lang='lat' dir='ltr'>Herenu.</span> <span class='ocrx_word' id='word_1_51' title='bbox 1070 1101 1108 1172; x_wconf 89' lang='lat' dir='ltr'>II,</span> <span class='ocrx_word' id='word_1_52' title='bbox 1133 1103 1179 1174; x_wconf 85' lang='lat'>19,</span> <span class='ocrx_word' id='word_1_53' title='bbox 1202 1103 1255 1160; x_wconf 82' lang='lat'>29:</span> <span class='ocrx_word' id='word_1_54' title='bbox 1281 1101 1395 1174; x_wconf 85' lang='lat' dir='ltr'>„multi</span> <span class='ocrx_word' id='word_1_55' title='bbox 1476 1147 1477 1156; x_wconf 72' lang='grc'><strong>.</strong></span> 
     </span>
    </p>
   </div>
   <div class='ocr_carea' id='block_1_6' title="bbox 284 1202 1479 2002">
    <p class='ocr_par' dir='ltr' id='par_1_6' title="bbox 284 1202 1479 2002">
     <span class='ocr_line' id='line_1_7' title="bbox 285 1202 1394 1280; baseline -0.001 -19"><span class='ocrx_word' id='word_1_56' title='bbox 285 1204 349 1261; x_wconf 84' lang='lat' dir='ltr'>leve</span> <span class='ocrx_word' id='word_1_57' title='bbox 378 1205 584 1280; x_wconf 78' lang='lat' dir='ltr'><strong>compendium</strong></span> <span class='ocrx_word' id='word_1_58' title='bbox 614 1203 717 1264; x_wconf 85' lang='lat' dir='ltr'>fraude</span> <span class='ocrx_word' id='word_1_59' title='bbox 748 1206 875 1262; x_wconf 86' lang='lat' dir='ltr'>mexime</span> <span class='ocrx_word' id='word_1_60' title='bbox 897 1202 1145 1262; x_wconf 85' lang='lat' dir='ltr'>commutarunt“.</span> <span class='ocrx_word' id='word_1_61' title='bbox 1191 1203 1306 1279; x_wconf 69' lang='lat' dir='ltr'>Saepius</span> <span class='ocrx_word' id='word_1_62' title='bbox 1333 1203 1394 1260; x_wconf 87' lang='lat' dir='ltr'>Ho-</span> 
     </span>
     <span class='ocr_line' id='line_1_8' title="bbox 285 1305 1395 1384; baseline -0.001 -21"><span class='ocrx_word' id='word_1_63' title='bbox 285 1307 388 1378; x_wconf 86' lang='lat' dir='ltr'>retiue,</span> <span class='ocrx_word' id='word_1_64' title='bbox 423 1315 457 1364; x_wconf 87' lang='lat' dir='ltr'>ut</span> <span class='ocrx_word' id='word_1_65' title='bbox 487 1305 548 1365; x_wconf 88' lang='lat' dir='ltr'>Sat.</span> <span class='ocrx_word' id='word_1_66' title='bbox 571 1307 609 1380; x_wconf 87' lang='grc' dir='ltr'>ΙΙ,</span> <span class='ocrx_word' id='word_1_67' title='bbox 641 1309 668 1380; x_wconf 82' lang='grc'>7,</span> <span class='ocrx_word' id='word_1_68' title='bbox 700 1309 775 1365; x_wconf 82' lang='lat'>109:</span> <span class='ocrx_word' id='word_1_69' title='bbox 814 1310 881 1384; x_wconf 82' lang='lat' dir='ltr'>,qui</span> <span class='ocrx_word' id='word_1_70' title='bbox 915 1327 990 1384; x_wconf 89' lang='lat' dir='ltr'>puer</span> <span class='ocrx_word' id='word_1_71' title='bbox 1023 1327 1111 1366; x_wconf 82' lang='lat' dir='ltr'>ovem</span> <span class='ocrx_word' id='word_1_72' title='bbox 1145 1307 1258 1365; x_wconf 86' lang='lat' dir='ltr'>furtiva</span> <span class='ocrx_word' id='word_1_73' title='bbox 1290 1311 1395 1364; x_wconf 83' lang='lat' dir='ltr'>mutet</span> 
     </span>
     <span class='ocr_line' id='line_1_9' title="bbox 285 1405 1478 1487; baseline 0 -21"><span class='ocrx_word' id='word_1_74' title='bbox 285 1405 424 1486; x_wconf 82' lang='lat' dir='ltr'>strigili“.</span> <span class='ocrx_word' id='word_1_75' title='bbox 459 1409 524 1468; x_wconf 90' lang='lat' dir='ltr'>Non</span> <span class='ocrx_word' id='word_1_76' title='bbox 547 1410 694 1487; x_wconf 83' lang='lat' dir='ltr'>estquod</span> <span class='ocrx_word' id='word_1_77' title='bbox 718 1431 783 1470; x_wconf 89' lang='lat' dir='ltr'>oum</span> <span class='ocrx_word' id='word_1_78' title='bbox 806 1409 922 1479; x_wconf 74' lang='lat' dir='ltr'>(inicio,</span> <span class='ocrx_word' id='word_1_79' title='bbox 946 1411 1064 1470; x_wconf 85' lang='lat' dir='ltr'>R.cett.</span> <span class='ocrx_word' id='word_1_80' title='bbox 1092 1405 1187 1483; x_wconf 77' lang='lat' dir='ltr'>„alia‘⁸</span> <span class='ocrx_word' id='word_1_81' title='bbox 1213 1411 1392 1468; x_wconf 85' lang='lat' dir='ltr'>scribamus.</span> <span class='ocrx_word' id='word_1_82' title='bbox 1477 1437 1478 1446; x_wconf 33' lang='grc' dir='ltr'>ι</span> 
     </span>
     <span class='ocr_line' id='line_1_10' title="bbox 285 1507 1393 1590; baseline -0.003 -20"><span class='ocrx_word' id='word_1_83' title='bbox 285 1541 327 1552; x_wconf 90' lang='grc'>-</span> <span class='ocrx_word' id='word_1_84' title='bbox 361 1513 431 1570; x_wconf 89' lang='grc'><strong>330.</strong></span> <span class='ocrx_word' id='word_1_85' title='bbox 470 1511 741 1590; x_wconf 81' lang='lat' dir='ltr'>,concrepuerunt“</span> <span class='ocrx_word' id='word_1_86' title='bbox 779 1517 803 1572; x_wconf 90' lang='lat' dir='ltr'>ei</span> <span class='ocrx_word' id='word_1_87' title='bbox 837 1533 938 1571; x_wconf 85' lang='lat' dir='ltr'>verum</span> <span class='ocrx_word' id='word_1_88' title='bbox 974 1519 1034 1586; x_wconf 85' lang='lat' dir='ltr'>est,</span> <span class='ocrx_word' id='word_1_89' title='bbox 1072 1507 1156 1586; x_wconf 77' lang='lat' dir='ltr'>fores</span> <span class='ocrx_word' id='word_1_90' title='bbox 1191 1513 1393 1590; x_wconf 80' lang='lat' dir='ltr'>posteriorem</span> 
     </span>
     <span class='ocr_line' id='line_1_11' title="bbox 285 1613 1479 1696; baseline 0 -25"><span class='ocrx_word' id='word_1_91' title='bbox 285 1613 402 1672; x_wconf 83' lang='lat' dir='ltr'>brevem</span> <span class='ocrx_word' id='word_1_92' title='bbox 431 1614 536 1688; x_wconf 87' lang='lat' dir='ltr'>hubet;</span> <span class='ocrx_word' id='word_1_93' title='bbox 572 1615 606 1674; x_wconf 83' lang='lat' dir='ltr'>R.</span> <span class='ocrx_word' id='word_1_94' title='bbox 640 1613 866 1692; x_wconf 82' lang='lat' dir='ltr'>„crepuerunt“,</span> <span class='ocrx_word' id='word_1_95' title='bbox 901 1623 935 1674; x_wconf 91' lang='lat' dir='ltr'>ut</span> <span class='ocrx_word' id='word_1_96' title='bbox 965 1619 1035 1674; x_wconf 82' lang='lat'>272.</span> <span class='ocrx_word' id='word_1_97' title='bbox 1080 1615 1136 1674; x_wconf 86' lang='lat' dir='ltr'>Sed</span> <span class='ocrx_word' id='word_1_98' title='bbox 1168 1620 1233 1674; x_wconf 83' lang='lat' dir='ltr'>iure</span> <span class='ocrx_word' id='word_1_99' title='bbox 1262 1617 1393 1681; x_wconf 86' lang='lat' dir='ltr'>mireris,</span> <span class='ocrx_word' id='word_1_100' title='bbox 1478 1675 1479 1696; x_wconf 52' lang='lat'>,</span> 
     </span>
     <span class='ocr_line' id='line_1_12' title="bbox 285 1713 1479 1802; baseline -0.002 -28"><span class='ocrx_word' id='word_1_101' title='bbox 285 1718 434 1802; x_wconf 83' lang='lat' dir='ltr'>quomodo</span> <span class='ocrx_word' id='word_1_102' title='bbox 451 1717 605 1777; x_wconf 74' lang='lat' dir='ltr'>Palaestrio</span> <span class='ocrx_word' id='word_1_103' title='bbox 629 1719 683 1778; x_wconf 91' lang='lat' dir='ltr'>hoc</span> <span class='ocrx_word' id='word_1_104' title='bbox 706 1719 794 1791; x_wconf 89' lang='lat' dir='ltr'>dicat,</span> <span class='ocrx_word' id='word_1_105' title='bbox 819 1739 907 1795; x_wconf 90' lang='lat' dir='ltr'>quum</span> <span class='ocrx_word' id='word_1_106' title='bbox 927 1739 1011 1778; x_wconf 86' lang='lat' dir='ltr'>nemo</span> <span class='ocrx_word' id='word_1_107' title='bbox 1029 1725 1123 1777; x_wconf 87' lang='lat' dir='ltr'>exeat.</span> <span class='ocrx_word' id='word_1_108' title='bbox 1156 1717 1202 1776; x_wconf 90' lang='lat' dir='ltr'>Br.</span> <span class='ocrx_word' id='word_1_109' title='bbox 1218 1717 1392 1793; x_wconf 77' lang='lat' dir='ltr'>respondit:</span> <span class='ocrx_word' id='word_1_110' title='bbox 1478 1713 1479 1716; x_wconf 60' lang='grc'>’</span> 
     </span>
     <span class='ocr_line' id='line_1_13' title="bbox 284 1817 1392 1898; baseline -0.001 -21"><span class='ocrx_word' id='word_1_111' title='bbox 284 1823 319 1877; x_wconf 87' lang='lat' dir='ltr'>ut</span> <span class='ocrx_word' id='word_1_112' title='bbox 347 1817 513 1879; x_wconf 86' lang='lat' dir='ltr'>Sceledrum</span> <span class='ocrx_word' id='word_1_113' title='bbox 544 1828 717 1898; x_wconf 85' lang='lat' dir='ltr'>permoveat</span> <span class='ocrx_word' id='word_1_114' title='bbox 745 1829 779 1880; x_wconf 89' lang='lat' dir='ltr'>ut</span> <span class='ocrx_word' id='word_1_115' title='bbox 807 1829 922 1898; x_wconf 85' lang='lat' dir='ltr'>portem</span> <span class='ocrx_word' id='word_1_116' title='bbox 953 1841 1035 1880; x_wconf 86' lang='lat' dir='ltr'>suam</span> <span class='ocrx_word' id='word_1_117' title='bbox 1067 1823 1218 1898; x_wconf 86' lang='lat' dir='ltr'>inspiciat;</span> <span class='ocrx_word' id='word_1_118' title='bbox 1253 1819 1305 1877; x_wconf 84' lang='lat' dir='ltr'>sed</span> <span class='ocrx_word' id='word_1_119' title='bbox 1338 1841 1392 1877; x_wconf 90' lang='lat' dir='ltr'>nec</span> 
     </span>
     <span class='ocr_line' id='line_1_14' title="bbox 284 1919 1393 2002; baseline -0.001 -22"><span class='ocrx_word' id='word_1_120' title='bbox 284 1919 439 1982; x_wconf 76' lang='lat' dir='ltr'>Sceledrus</span> <span class='ocrx_word' id='word_1_121' title='bbox 469 1945 544 1982; x_wconf 90' lang='lat' dir='ltr'>nuno</span> <span class='ocrx_word' id='word_1_122' title='bbox 572 1927 614 1982; x_wconf 86' lang='lat' dir='ltr'>ita</span> <span class='ocrx_word' id='word_1_123' title='bbox 643 1924 755 1984; x_wconf 84' lang='lat' dir='ltr'>adstet·</span> <span class='ocrx_word' id='word_1_124' title='bbox 773 1931 807 1983; x_wconf 93' lang='lat' dir='ltr'>ut</span> <span class='ocrx_word' id='word_1_125' title='bbox 841 1927 870 1982; x_wconf 93' lang='lat' dir='ltr'>iu</span> <span class='ocrx_word' id='word_1_126' title='bbox 903 1927 1041 2002; x_wconf 89' lang='lat' dir='ltr'>proxima</span> <span class='ocrx_word' id='word_1_127' title='bbox 1070 1945 1172 1996; x_wconf 85' lang='lat' dir='ltr'>scena,</span> <span class='ocrx_word' id='word_1_128' title='bbox 1208 1943 1262 1981; x_wconf 87' lang='lat' dir='ltr'>uec</span> <span class='ocrx_word' id='word_1_129' title='bbox 1285 1924 1310 1980; x_wconf 86' lang='lat' dir='ltr'>si</span> <span class='ocrx_word' id='word_1_130' title='bbox 1335 1923 1393 1980; x_wconf 90' lang='lat' dir='ltr'>hoo</span> 
     </span>
    </p>
   </div>
   <div class='ocr_carea' id='block_1_7' title="bbox 286 2023 1480 2105">
    <p class='ocr_par' dir='ltr' id='par_1_7' title="bbox 286 2023 1480 2105">
     <span class='ocr_line' id='line_1_15' title="bbox 286 2023 1480 2105; baseline 0 -24"><span class='ocrx_word' id='word_1_131' title='bbox 286 2023 408 2099; x_wconf 82' lang='lat' dir='ltr'>iaceret,</span> <span class='ocrx_word' id='word_1_132' title='bbox 432 2027 592 2104; x_wconf 77' lang='lat' dir='ltr'><strong>quidquam</strong></span> <span class='ocrx_word' id='word_1_133' title='bbox 617 2030 752 2102; x_wconf 76' lang='lat' dir='ltr'>referret,</span> <span class='ocrx_word' id='word_1_134' title='bbox 780 2035 880 2087; x_wconf 83' lang='lat' dir='ltr'>utrum</span> <span class='ocrx_word' id='word_1_135' title='bbox 902 2030 1064 2105; x_wconf 72' lang='lat' dir='ltr'>respiceret</span> <span class='ocrx_word' id='word_1_136' title='bbox 1087 2047 1123 2085; x_wconf 91' lang='lat' dir='ltr'>au</span> <span class='ocrx_word' id='word_1_137' title='bbox 1146 2045 1213 2084; x_wconf 90' lang='lat' dir='ltr'>uon.</span> <span class='ocrx_word' id='word_1_138' title='bbox 1262 2023 1292 2083; x_wconf 87' lang='lat' dir='ltr'>Si</span> <span class='ocrx_word' id='word_1_139' title='bbox 1315 2025 1391 2101; x_wconf 92' lang='lat' dir='ltr'>quid</span> <span class='ocrx_word' id='word_1_140' title='bbox 1479 2069 1480 2074; x_wconf 46' lang='lat'>.</span> 
     </span>
    </p>
   </div>
   <div class='ocr_carea' id='block_1_8' title="bbox 286 2129 1389 2205">
    <p class='ocr_par' dir='ltr' id='par_1_8' title="bbox 286 2129 1389 2205">
     <span class='ocr_line' id='line_1_16' title="bbox 286 2129 1389 2205; baseline -0.002 -20"><span class='ocrx_word' id='word_1_141' title='bbox 286 2129 387 2201; x_wconf 85' lang='lat' dir='ltr'>video,</span> <span class='ocrx_word' id='word_1_142' title='bbox 415 2129 568 2190; x_wconf 75' lang='lat' dir='ltr'>Palaestrio</span> <span class='ocrx_word' id='word_1_143' title='bbox 597 2131 730 2190; x_wconf 88' lang='lat' dir='ltr'>dicturus</span> <span class='ocrx_word' id='word_1_144' title='bbox 753 2137 812 2190; x_wconf 89' lang='lat' dir='ltr'>est:</span> <span class='ocrx_word' id='word_1_145' title='bbox 848 2131 878 2189; x_wconf 87' lang='lat' dir='ltr'>Si</span> <span class='ocrx_word' id='word_1_146' title='bbox 907 2132 985 2189; x_wconf 83' lang='lat' dir='ltr'>iores</span> <span class='ocrx_word' id='word_1_147' title='bbox 1013 2136 1122 2188; x_wconf 79' lang='lat' dir='ltr'>nostra</span> <span class='ocrx_word' id='word_1_148' title='bbox 1151 2131 1389 2205; x_wconf 81' lang='lat' dir='ltr'>concrepuerint,</span> 
     </span>
    </p>
   </div>
   <div class='ocr_carea' id='block_1_9' title="bbox 287 2229 1481 2410">
    <p class='ocr_par' dir='ltr' id='par_1_9' title="bbox 287 2229 1481 2410">
     <span class='ocr_line' id='line_1_17' title="bbox 287 2229 1481 2308; baseline 0 -21"><span class='ocrx_word' id='word_1_149' title='bbox 287 2229 529 2291; x_wconf 83' lang='lat' dir='ltr'>Philocomasium</span> <span class='ocrx_word' id='word_1_150' title='bbox 557 2234 624 2292; x_wconf 91' lang='lat' dir='ltr'>inde</span> <span class='ocrx_word' id='word_1_151' title='bbox 654 2239 810 2292; x_wconf 79' lang='lat' dir='ltr'>exeuntem</span> <span class='ocrx_word' id='word_1_152' title='bbox 838 2233 967 2305; x_wconf 86' lang='lat' dir='ltr'>videbie;</span> <span class='ocrx_word' id='word_1_153' title='bbox 996 2235 1038 2292; x_wconf 87' lang='lat' dir='ltr'>sic</span> <span class='ocrx_word' id='word_1_154' title='bbox 1066 2233 1140 2290; x_wconf 85' lang='lat' dir='ltr'>enim</span> <span class='ocrx_word' id='word_1_155' title='bbox 1170 2251 1235 2289; x_wconf 90' lang='lat' dir='ltr'>cum</span> <span class='ocrx_word' id='word_1_156' title='bbox 1264 2251 1299 2288; x_wconf 84' lang='lat' dir='ltr'>ea</span> <span class='ocrx_word' id='word_1_157' title='bbox 1321 2251 1391 2288; x_wconf 89' lang='lat' dir='ltr'>con-</span> <span class='ocrx_word' id='word_1_158' title='bbox 1480 2267 1481 2308; x_wconf 39' lang='grc' dir='ltr'>ι</span> 
     </span>
     <span class='ocr_line' id='line_1_18' title="bbox 287 2333 1481 2410; baseline 0 -21"><span class='ocrx_word' id='word_1_159' title='bbox 287 2339 416 2408; x_wconf 86' lang='lat' dir='ltr'>venerat,</span> <span class='ocrx_word' id='word_1_160' title='bbox 450 2357 476 2393; x_wconf 87' lang='lat' dir='ltr'>v.</span> <span class='ocrx_word' id='word_1_161' title='bbox 508 2337 583 2409; x_wconf 76' lang='lat'>3563</span> <span class='ocrx_word' id='word_1_162' title='bbox 618 2337 671 2395; x_wconf 85' lang='lat' dir='ltr'>sed</span> <span class='ocrx_word' id='word_1_163' title='bbox 704 2341 868 2395; x_wconf 89' lang='lat' dir='ltr'>orationem</span> <span class='ocrx_word' id='word_1_164' title='bbox 902 2337 1031 2396; x_wconf 88' lang='lat' dir='ltr'>noudum</span> <span class='ocrx_word' id='word_1_165' title='bbox 1064 2335 1176 2394; x_wconf 87' lang='lat' dir='ltr'>finitam</span> <span class='ocrx_word' id='word_1_166' title='bbox 1210 2333 1391 2410; x_wconf 76' lang='lat' dir='ltr'>abrumpens</span> <span class='ocrx_word' id='word_1_167' title='bbox 1480 2365 1481 2376; x_wconf 71' lang='lat'>.</span> 
     </span>
    </p>
   </div>
   <div class='ocr_carea' id='block_1_10' title="bbox 284 2435 1392 4472">
    <p class='ocr_par' dir='ltr' id='par_1_10' title="bbox 284 2435 1392 4472">
     <span class='ocr_line' id='line_1_19' title="bbox 287 2435 1390 2516; baseline -0.002 -22"><span class='ocrx_word' id='word_1_168' title='bbox 287 2435 442 2496; x_wconf 84' lang='lat' dir='ltr'>Sceledrus</span> <span class='ocrx_word' id='word_1_169' title='bbox 476 2439 649 2516; x_wconf 82' lang='lat' dir='ltr'>respondet:</span> <span class='ocrx_word' id='word_1_170' title='bbox 684 2438 747 2515; x_wconf 81' lang='lat' dir='ltr'>Ego</span> <span class='ocrx_word' id='word_1_171' title='bbox 781 2459 852 2498; x_wconf 82' lang='lat' dir='ltr'>vero</span> <span class='ocrx_word' id='word_1_172' title='bbox 881 2435 946 2512; x_wconf 74' lang='lat' dir='ltr'>illi,</span> <span class='ocrx_word' id='word_1_173' title='bbox 980 2443 998 2497; x_wconf 91' lang='lat' dir='ltr'>i.</span> <span class='ocrx_word' id='word_1_174' title='bbox 1022 2459 1047 2497; x_wconf 89' lang='lat' dir='ltr'>e.</span> <span class='ocrx_word' id='word_1_175' title='bbox 1076 2442 1106 2497; x_wconf 87' lang='lat' dir='ltr'>in</span> <span class='ocrx_word' id='word_1_176' title='bbox 1136 2438 1237 2495; x_wconf 79' lang='lat' dir='ltr'>ulteris</span> <span class='ocrx_word' id='word_1_177' title='bbox 1266 2437 1390 2511; x_wconf 70' lang='lat' dir='ltr'>edibus,</span> 
     </span>
     <span class='ocr_line' id='line_1_20' title="bbox 287 2533 1392 2619; baseline 0 -23"><span class='ocrx_word' id='word_1_178' title='bbox 287 2538 413 2598; x_wconf 86' lang='lat' dir='ltr'>obseruo</span> <span class='ocrx_word' id='word_1_179' title='bbox 432 2541 520 2600; x_wconf 89' lang='lat' dir='ltr'>fores.</span> <span class='ocrx_word' id='word_1_180' title='bbox 555 2541 625 2600; x_wconf 86' lang='lat' dir='ltr'>Fuit</span> <span class='ocrx_word' id='word_1_181' title='bbox 643 2545 748 2619; x_wconf 83' lang='lat' dir='ltr'>igitur:</span> <span class='ocrx_word' id='word_1_182' title='bbox 779 2537 815 2602; x_wconf 82' lang='lat' dir='ltr'>Si</span> <span class='ocrx_word' id='word_1_183' title='bbox 827 2535 908 2618; x_wconf 79' lang='lat' dir='ltr'>(Sei)</span> <span class='ocrx_word' id='word_1_184' title='bbox 923 2589 929 2601; x_wconf 94' lang='lat'>.</span> <span class='ocrx_word' id='word_1_185' title='bbox 944 2589 950 2599; x_wconf 94' lang='lat'>.</span> <span class='ocrx_word' id='word_1_186' title='bbox 965 2589 971 2601; x_wconf 94' lang='lat'>.</span> <span class='ocrx_word' id='word_1_187' title='bbox 985 2537 1222 2616; x_wconf 71' lang='lat' dir='ltr'>cncrepuerint</span> <span class='ocrx_word' id='word_1_188' title='bbox 1240 2586 1245 2598; x_wconf 89' lang='lat'>.</span> <span class='ocrx_word' id='word_1_189' title='bbox 1266 2570 1329 2598; x_wconf 91' lang='grc'><strong>.-</strong></span> <span class='ocrx_word' id='word_1_190' title='bbox 1342 2533 1392 2598; x_wconf 77' lang='lat' dir='ltr'>illi</span> 
     </span>
     <span class='ocr_line' id='line_1_21' title="bbox 288 2636 1389 2722; baseline -0.004 -22"><span class='ocrx_word' id='word_1_191' title='bbox 288 2636 427 2702; x_wconf 67' lang='lat' dir='ltr'>obserere.</span> <span class='ocrx_word' id='word_1_192' title='bbox 476 2645 562 2718; x_wconf 83' lang='lat' dir='ltr'>„illae</span> <span class='ocrx_word' id='word_1_193' title='bbox 585 2643 731 2704; x_wconf 85' lang='lat' dir='ltr'>obseruo“</span> <span class='ocrx_word' id='word_1_194' title='bbox 758 2647 803 2704; x_wconf 87' lang='lat' dir='ltr'>ed.</span> <span class='ocrx_word' id='word_1_195' title='bbox 827 2665 889 2722; x_wconf 89' lang='lat' dir='ltr'>pr.;</span> <span class='ocrx_word' id='word_1_196' title='bbox 916 2647 979 2720; x_wconf 87' lang='lat' dir='ltr'>„illi</span> <span class='ocrx_word' id='word_1_197' title='bbox 1003 2639 1194 2704; x_wconf 79' lang='lat' dir='ltr'>obseruasso“</span> <span class='ocrx_word' id='word_1_198' title='bbox 1219 2641 1254 2701; x_wconf 87' lang='lat' dir='ltr'>R.</span> <span class='ocrx_word' id='word_1_199' title='bbox 1300 2643 1389 2700; x_wconf 89' lang='lat' dir='ltr'>Ribb.</span> 
     </span>
     <span class='ocr_line' id='line_1_22' title="bbox 288 2741 1389 2824; baseline -0.002 -20"><span class='ocrx_word' id='word_1_200' title='bbox 288 2765 352 2805; x_wconf 90' lang='lat' dir='ltr'>cum</span> <span class='ocrx_word' id='word_1_201' title='bbox 384 2747 555 2824; x_wconf 81' lang='lat' dir='ltr'>Ladewigio</span> <span class='ocrx_word' id='word_1_202' title='bbox 586 2767 631 2806; x_wconf 84' lang='lat' dir='ltr'>vv.</span> <span class='ocrx_word' id='word_1_203' title='bbox 658 2750 803 2807; x_wconf 77' lang='lat'>330—32</span> <span class='ocrx_word' id='word_1_204' title='bbox 834 2751 928 2806; x_wconf 87' lang='lat' dir='ltr'>eiecit.</span> <span class='ocrx_word' id='word_1_205' title='bbox 952 2778 994 2788; x_wconf 97' lang='lat'><strong>—</strong></span> <span class='ocrx_word' id='word_1_206' title='bbox 1018 2749 1087 2806; x_wconf 89' lang='grc'><strong>331.</strong></span> <span class='ocrx_word' id='word_1_207' title='bbox 1117 2743 1189 2806; x_wconf 72' lang='lat' dir='ltr'>hine</span> <span class='ocrx_word' id='word_1_208' title='bbox 1217 2741 1288 2818; x_wconf 73' lang='lat' dir='ltr'>huc,</span> <span class='ocrx_word' id='word_1_209' title='bbox 1319 2751 1340 2806; x_wconf 95' lang='lat' dir='ltr'>i.</span> <span class='ocrx_word' id='word_1_210' title='bbox 1365 2769 1389 2802; x_wconf 87' lang='lat' dir='ltr'>e.</span> 
     </span>
     <span class='ocr_line' id='line_1_23' title="bbox 287 2849 1389 2925; baseline -0.001 -18"><span class='ocrx_word' id='word_1_211' title='bbox 287 2851 355 2908; x_wconf 89' lang='lat' dir='ltr'>hinc</span> <span class='ocrx_word' id='word_1_212' title='bbox 376 2851 456 2924; x_wconf 87' lang='lat' dir='ltr'>illuc,</span> <span class='ocrx_word' id='word_1_213' title='bbox 480 2853 515 2909; x_wconf 88' lang='lat' dir='ltr'>of.</span> <span class='ocrx_word' id='word_1_214' title='bbox 543 2852 611 2910; x_wconf 88' lang='grc'><strong>143.</strong></span> <span class='ocrx_word' id='word_1_215' title='bbox 637 2853 705 2910; x_wconf 83' lang='grc'><strong>379.</strong></span> <span class='ocrx_word' id='word_1_216' title='bbox 730 2853 801 2924; x_wconf 83' lang='grc'>420,</span> <span class='ocrx_word' id='word_1_217' title='bbox 827 2857 926 2910; x_wconf 87' lang='lat' dir='ltr'>annot.</span> <span class='ocrx_word' id='word_1_218' title='bbox 951 2852 989 2910; x_wconf 87' lang='lat' dir='ltr'>ad</span> <span class='ocrx_word' id='word_1_219' title='bbox 1010 2852 1077 2910; x_wconf 82' lang='lat' dir='ltr'>Aul.</span> <span class='ocrx_word' id='word_1_220' title='bbox 1092 2853 1171 2924; x_wconf 78' lang='lat'>648,</span> <span class='ocrx_word' id='word_1_221' title='bbox 1196 2849 1246 2907; x_wconf 87' lang='lat' dir='ltr'>sed</span> <span class='ocrx_word' id='word_1_222' title='bbox 1269 2853 1299 2906; x_wconf 93' lang='lat' dir='ltr'>iu</span> <span class='ocrx_word' id='word_1_223' title='bbox 1324 2852 1389 2925; x_wconf 82' lang='lat' dir='ltr'>ipso</span> 
     </span>
     <span class='ocr_line' id='line_1_24' title="bbox 287 2953 1389 3028; baseline -0.002 -18"><span class='ocrx_word' id='word_1_224' title='bbox 287 2953 448 3012; x_wconf 86' lang='lat' dir='ltr'>Aululariae</span> <span class='ocrx_word' id='word_1_225' title='bbox 472 2955 535 3012; x_wconf 87' lang='lat' dir='ltr'>ioco</span> <span class='ocrx_word' id='word_1_226' title='bbox 559 2955 671 3028; x_wconf 75' lang='lat' dir='ltr'>erravi3</span> <span class='ocrx_word' id='word_1_227' title='bbox 702 2955 887 3013; x_wconf 83' lang='lat' dir='ltr'>scribendum</span> <span class='ocrx_word' id='word_1_228' title='bbox 911 2961 966 3012; x_wconf 89' lang='lat' dir='ltr'>est:</span> <span class='ocrx_word' id='word_1_229' title='bbox 1003 2953 1108 3027; x_wconf 86' lang='lat' dir='ltr'>„Hunc</span> <span class='ocrx_word' id='word_1_230' title='bbox 1129 2955 1154 3010; x_wconf 87' lang='lat' dir='ltr'>si</span> <span class='ocrx_word' id='word_1_231' title='bbox 1177 2955 1289 3024; x_wconf 86' lang='lat' dir='ltr'>amitto,</span> <span class='ocrx_word' id='word_1_232' title='bbox 1321 2953 1389 3009; x_wconf 88' lang='lat' dir='ltr'>hinc</span> 
     </span>
     <span class='ocr_line' id='line_1_25' title="bbox 290 3053 1384 3136; baseline -0.001 -24"><span class='ocrx_word' id='word_1_233' title='bbox 290 3053 427 3114; x_wconf 86' lang='lat' dir='ltr'>abierit“.</span> <span class='ocrx_word' id='word_1_234' title='bbox 462 3087 504 3096; x_wconf 91' lang='grc'>-</span> <span class='ocrx_word' id='word_1_235' title='bbox 530 3057 613 3115; x_wconf 77' lang='lat' dir='ltr'>recto</span> <span class='ocrx_word' id='word_1_236' title='bbox 647 3053 734 3130; x_wconf 80' lang='lat' dir='ltr'>ostio,</span> <span class='ocrx_word' id='word_1_237' title='bbox 769 3063 849 3116; x_wconf 86' lang='lat' dir='ltr'>reeta</span> <span class='ocrx_word' id='word_1_238' title='bbox 878 3078 932 3136; x_wconf 91' lang='lat' dir='ltr'>per</span> <span class='ocrx_word' id='word_1_239' title='bbox 965 3061 1083 3128; x_wconf 87' lang='lat' dir='ltr'>ostium,</span> <span class='ocrx_word' id='word_1_240' title='bbox 1119 3055 1153 3114; x_wconf 84' lang='lat' dir='ltr'>ci.</span> <span class='ocrx_word' id='word_1_241' title='bbox 1179 3055 1282 3114; x_wconf 87' lang='lat' dir='ltr'>Bacch.</span> <span class='ocrx_word' id='word_1_242' title='bbox 1308 3057 1384 3114; x_wconf 77' lang='lat'>708:</span> 
     </span>
     <span class='ocr_line' id='line_1_26' title="bbox 293 3154 1387 3240; baseline -0.001 -26"><span class='ocrx_word' id='word_1_243' title='bbox 293 3165 391 3230; x_wconf 86' lang='lat' dir='ltr'>,recta</span> <span class='ocrx_word' id='word_1_244' title='bbox 417 3165 516 3236; x_wconf 87' lang='lat' dir='ltr'>porta.</span> <span class='ocrx_word' id='word_1_245' title='bbox 541 3189 581 3200; x_wconf 97' lang='lat'><em>-</em></span> <span class='ocrx_word' id='word_1_246' title='bbox 606 3163 676 3221; x_wconf 81' lang='lat'>332.</span> <span class='ocrx_word' id='word_1_247' title='bbox 704 3156 787 3236; x_wconf 80' lang='lat' dir='ltr'>Quin</span> <span class='ocrx_word' id='word_1_248' title='bbox 810 3160 855 3220; x_wconf 87' lang='lat' dir='ltr'>ed.</span> <span class='ocrx_word' id='word_1_249' title='bbox 879 3181 924 3240; x_wconf 88' lang='lat' dir='ltr'>pr.</span> <span class='ocrx_word' id='word_1_250' title='bbox 947 3191 989 3200; x_wconf 90' lang='lat'><em>-</em></span> <span class='ocrx_word' id='word_1_251' title='bbox 1013 3154 1131 3218; x_wconf 74' lang='lat' dir='ltr'>Nescio</span> <span class='ocrx_word' id='word_1_252' title='bbox 1154 3173 1232 3236; x_wconf 80' lang='lat' dir='ltr'>quae</span> <span class='ocrx_word' id='word_1_253' title='bbox 1255 3158 1282 3216; x_wconf 72' lang='lat' dir='ltr'>ie</span> <span class='ocrx_word' id='word_1_254' title='bbox 1306 3159 1387 3216; x_wconf 77' lang='lat' dir='ltr'>Cam.</span> 
     </span>
     <span class='ocr_line' id='line_1_27' title="bbox 288 3255 1387 3339; baseline 0 -21"><span class='ocrx_word' id='word_1_255' title='bbox 288 3255 413 3333; x_wconf 80' lang='lat' dir='ltr'>seelera,</span> <span class='ocrx_word' id='word_1_256' title='bbox 427 3263 463 3320; x_wconf 80' lang='lat' dir='ltr'>ci.</span> <span class='ocrx_word' id='word_1_257' title='bbox 477 3263 555 3321; x_wconf 90' lang='lat' dir='ltr'>Meu.</span> <span class='ocrx_word' id='word_1_258' title='bbox 572 3265 641 3321; x_wconf 79' lang='grc'><strong>317.</strong></span> <span class='ocrx_word' id='word_1_259' title='bbox 655 3293 697 3304; x_wconf 87' lang='grc'>-</span> <span class='ocrx_word' id='word_1_260' title='bbox 710 3265 779 3322; x_wconf 89' lang='grc'><strong>333.</strong></span> <span class='ocrx_word' id='word_1_261' title='bbox 799 3259 876 3323; x_wconf 79' lang='lat' dir='ltr'>mihi</span> <span class='ocrx_word' id='word_1_262' title='bbox 888 3267 1008 3322; x_wconf 87' lang='lat' dir='ltr'>tertium</span> <span class='ocrx_word' id='word_1_263' title='bbox 1029 3264 1095 3322; x_wconf 78' lang='lat' dir='ltr'>add.</span> <span class='ocrx_word' id='word_1_264' title='bbox 1110 3263 1247 3339; x_wconf 81' lang='lat' dir='ltr'>Pylades.</span> <span class='ocrx_word' id='word_1_265' title='bbox 1260 3291 1303 3300; x_wconf 96' lang='lat'><em>-</em></span> <span class='ocrx_word' id='word_1_266' title='bbox 1316 3263 1387 3319; x_wconf 82' lang='lat'>334.</span> 
     </span>
     <span class='ocr_line' id='line_1_28' title="bbox 291 3359 1388 3444; baseline 0.002 -24"><span class='ocrx_word' id='word_1_267' title='bbox 291 3359 455 3422; x_wconf 74' lang='lat' dir='ltr'>deterrebit</span> <span class='ocrx_word' id='word_1_268' title='bbox 470 3365 583 3441; x_wconf 86' lang='lat' dir='ltr'>Haupt.</span> <span class='ocrx_word' id='word_1_269' title='bbox 604 3365 659 3444; x_wconf 91' lang='lat' dir='ltr'>Op.</span> <span class='ocrx_word' id='word_1_270' title='bbox 672 3367 741 3444; x_wconf 92' lang='lat' dir='ltr'>IIp.</span> <span class='ocrx_word' id='word_1_271' title='bbox 757 3370 827 3427; x_wconf 76' lang='lat'>321.</span> <span class='ocrx_word' id='word_1_272' title='bbox 862 3362 940 3444; x_wconf 71' lang='lat' dir='ltr'>quiet</span> <span class='ocrx_word' id='word_1_273' title='bbox 962 3363 1013 3440; x_wconf 73' lang='lat' dir='ltr'>sit,</span> <span class='ocrx_word' id='word_1_274' title='bbox 1036 3369 1054 3424; x_wconf 95' lang='lat' dir='ltr'>i.</span> <span class='ocrx_word' id='word_1_275' title='bbox 1069 3387 1094 3424; x_wconf 89' lang='lat' dir='ltr'>e.</span> <span class='ocrx_word' id='word_1_276' title='bbox 1114 3368 1184 3443; x_wconf 90' lang='lat' dir='ltr'>quin</span> <span class='ocrx_word' id='word_1_277' title='bbox 1209 3365 1305 3422; x_wconf 88' lang='lat' dir='ltr'>dicam</span> <span class='ocrx_word' id='word_1_278' title='bbox 1326 3385 1388 3422; x_wconf 84' lang='lat' dir='ltr'>eam</span> 
     </span>
     <span class='ocr_line' id='line_1_29' title="bbox 291 3463 1388 3544; baseline 0.002 -22"><span class='ocrx_word' id='word_1_279' title='bbox 291 3468 496 3539; x_wconf 81' lang='lat' dir='ltr'>esse;oi.371.</span> <span class='ocrx_word' id='word_1_280' title='bbox 516 3463 677 3542; x_wconf 77' lang='lat' dir='ltr'>hisoodd.;</span> <span class='ocrx_word' id='word_1_281' title='bbox 694 3469 808 3541; x_wconf 85' lang='lat' dir='ltr'>,hiece“</span> <span class='ocrx_word' id='word_1_282' title='bbox 820 3470 962 3529; x_wconf 89' lang='lat' dir='ltr'>Schmidt.</span> <span class='ocrx_word' id='word_1_283' title='bbox 970 3469 1077 3541; x_wconf 68' lang='lat' dir='ltr'>Quasi.</span> <span class='ocrx_word' id='word_1_284' title='bbox 1087 3471 1122 3526; x_wconf 90' lang='lat' dir='ltr'>de</span> <span class='ocrx_word' id='word_1_285' title='bbox 1132 3489 1216 3544; x_wconf 91' lang='lat' dir='ltr'>prou.</span> <span class='ocrx_word' id='word_1_286' title='bbox 1226 3469 1388 3526; x_wconf 83' lang='lat' dir='ltr'>demonstr.</span> 
     </span>
     <span class='ocr_line' id='line_1_30' title="bbox 291 3566 1390 3648; baseline 0.001 -21"><span class='ocrx_word' id='word_1_287' title='bbox 291 3589 319 3645; x_wconf 91' lang='lat' dir='ltr'>p.</span> <span class='ocrx_word' id='word_1_288' title='bbox 345 3571 393 3628; x_wconf 80' lang='lat'>32.</span> <span class='ocrx_word' id='word_1_289' title='bbox 419 3601 455 3608; x_wconf 95' lang='lat'><em>-</em></span> <span class='ocrx_word' id='word_1_290' title='bbox 482 3572 552 3630; x_wconf 88' lang='grc'><strong>335.</strong></span> <span class='ocrx_word' id='word_1_291' title='bbox 577 3566 647 3646; x_wconf 79' lang='lat' dir='ltr'>Hie,</span> <span class='ocrx_word' id='word_1_292' title='bbox 677 3579 745 3631; x_wconf 83' lang='lat' dir='ltr'>ente</span> <span class='ocrx_word' id='word_1_293' title='bbox 774 3576 879 3631; x_wconf 84' lang='lat' dir='ltr'>ostium</span> <span class='ocrx_word' id='word_1_294' title='bbox 910 3573 1153 3648; x_wconf 89' lang='lat' dir='ltr'>Periplecomeui,</span> <span class='ocrx_word' id='word_1_295' title='bbox 1184 3571 1220 3629; x_wconf 88' lang='lat' dir='ltr'>cf.</span> <span class='ocrx_word' id='word_1_296' title='bbox 1252 3573 1323 3628; x_wconf 87' lang='lat'>355.</span> <span class='ocrx_word' id='word_1_297' title='bbox 1348 3599 1390 3609; x_wconf 88' lang='lat'><em>-</em></span> 
     </span>
     <span class='ocr_line' id='line_1_31' title="bbox 293 3667 1387 3734; baseline 0.001 -4"><span class='ocrx_word' id='word_1_298' title='bbox 293 3673 362 3730; x_wconf 89' lang='grc'><strong>336.</strong></span> <span class='ocrx_word' id='word_1_299' title='bbox 388 3667 483 3732; x_wconf 78' lang='lat' dir='ltr'>Mene</span> <span class='ocrx_word' id='word_1_300' title='bbox 506 3681 562 3733; x_wconf 86' lang='lat' dir='ltr'>oet.</span> <span class='ocrx_word' id='word_1_301' title='bbox 608 3675 677 3734; x_wconf 79' lang='lat' dir='ltr'>Haeo</span> <span class='ocrx_word' id='word_1_302' title='bbox 699 3675 854 3734; x_wconf 86' lang='lat' dir='ltr'>Palaestrio</span> <span class='ocrx_word' id='word_1_303' title='bbox 877 3695 982 3734; x_wconf 81' lang='lat' dir='ltr'>secum.</span> <span class='ocrx_word' id='word_1_304' title='bbox 1008 3675 1042 3734; x_wconf 84' lang='lat' dir='ltr'>ci.</span> <span class='ocrx_word' id='word_1_305' title='bbox 1067 3675 1104 3733; x_wconf 87' lang='lat' dir='ltr'>ed</span> <span class='ocrx_word' id='word_1_306' title='bbox 1126 3675 1230 3732; x_wconf 88' lang='lat' dir='ltr'>Bacch.</span> <span class='ocrx_word' id='word_1_307' title='bbox 1259 3675 1328 3732; x_wconf 87' lang='lat'>101.</span> <span class='ocrx_word' id='word_1_308' title='bbox 1352 3703 1387 3711; x_wconf 91' lang='lat'>-·</span> 
     </span>
     <span class='ocr_line' id='line_1_32' title="bbox 284 3771 1388 3857; baseline 0.001 -24"><span class='ocrx_word' id='word_1_309' title='bbox 284 3771 517 3852; x_wconf 73' lang='lat' dir='ltr'>pupuueuium,</span> <span class='ocrx_word' id='word_1_310' title='bbox 546 3779 628 3836; x_wconf 88' lang='lat' dir='ltr'>locus</span> <span class='ocrx_word' id='word_1_311' title='bbox 651 3779 729 3837; x_wconf 89' lang='lat' dir='ltr'>unde</span> <span class='ocrx_word' id='word_1_312' title='bbox 751 3787 910 3857; x_wconf 79' lang='lat' dir='ltr'>pugnetur,</span> <span class='ocrx_word' id='word_1_313' title='bbox 938 3779 1203 3855; x_wconf 85' lang='lat' dir='ltr'>propugnaculum,</span> <span class='ocrx_word' id='word_1_314' title='bbox 1232 3777 1267 3835; x_wconf 84' lang='lat' dir='ltr'>of.</span> <span class='ocrx_word' id='word_1_315' title='bbox 1291 3777 1388 3834; x_wconf 86' lang='lat' dir='ltr'>Amm.</span> 
     </span>
     <span class='ocr_line' id='line_1_33' title="bbox 291 3879 1389 3960; baseline -0.004 -20"><span class='ocrx_word' id='word_1_316' title='bbox 291 3881 383 3940; x_wconf 86' lang='lat' dir='ltr'>Maro.</span> <span class='ocrx_word' id='word_1_317' title='bbox 407 3879 488 3954; x_wconf 87' lang='lat' dir='ltr'>XXI,</span> <span class='ocrx_word' id='word_1_318' title='bbox 516 3884 562 3953; x_wconf 82' lang='lat'>12,</span> <span class='ocrx_word' id='word_1_319' title='bbox 590 3884 642 3940; x_wconf 79' lang='lat'>18:</span> <span class='ocrx_word' id='word_1_320' title='bbox 679 3889 786 3960; x_wconf 77' lang='lat' dir='ltr'>„pacta</span> <span class='ocrx_word' id='word_1_321' title='bbox 814 3884 909 3941; x_wconf 84' lang='lat' dir='ltr'>salute</span> <span class='ocrx_word' id='word_1_322' title='bbox 937 3887 1092 3958; x_wconf 85' lang='lat' dir='ltr'>susceptus</span> <span class='ocrx_word' id='word_1_323' title='bbox 1122 3881 1158 3939; x_wconf 85' lang='lat' dir='ltr'>ad</span> <span class='ocrx_word' id='word_1_324' title='bbox 1189 3881 1389 3957; x_wconf 80' lang='lat' dir='ltr'>pugnaculum</span> 
     </span>
     <span class='ocr_line' id='line_1_34' title="bbox 292 3979 1390 4056; baseline -0.004 -12"><span class='ocrx_word' id='word_1_325' title='bbox 292 3981 402 4044; x_wconf 86' lang='lat' dir='ltr'>eolus“.</span> <span class='ocrx_word' id='word_1_326' title='bbox 426 4015 467 4025; x_wconf 93' lang='lat'><em>-</em></span> <span class='ocrx_word' id='word_1_327' title='bbox 492 3987 562 4044; x_wconf 77' lang='lat'>337.</span> <span class='ocrx_word' id='word_1_328' title='bbox 586 3985 615 4044; x_wconf 76' lang='lat' dir='ltr'>te</span> <span class='ocrx_word' id='word_1_329' title='bbox 637 3985 701 4044; x_wconf 75' lang='lat' dir='ltr'>iute</span> <span class='ocrx_word' id='word_1_330' title='bbox 723 3985 840 4046; x_wconf 74' lang='lat' dir='ltr'>Miller.</span> <span class='ocrx_word' id='word_1_331' title='bbox 864 4015 905 4024; x_wconf 94' lang='lat'>-</span> <span class='ocrx_word' id='word_1_332' title='bbox 929 3985 999 4043; x_wconf 88' lang='grc'><strong>339.</strong></span> <span class='ocrx_word' id='word_1_333' title='bbox 1023 3979 1097 4042; x_wconf 78' lang='lat' dir='ltr'>istie</span> <span class='ocrx_word' id='word_1_334' title='bbox 1125 3979 1173 4043; x_wconf 81' lang='lat' dir='ltr'>eis</span> <span class='ocrx_word' id='word_1_335' title='bbox 1196 3981 1292 4056; x_wconf 84' lang='lat' dir='ltr'>Cam.;</span> <span class='ocrx_word' id='word_1_336' title='bbox 1323 3985 1390 4040; x_wconf 84' lang='lat' dir='ltr'>Aci·</span> 
     </span>
     <span class='ocr_line' id='line_1_35' title="bbox 292 4081 1389 4160; baseline -0.001 -15"><span class='ocrx_word' id='word_1_337' title='bbox 292 4087 350 4148; x_wconf 85' lang='lat' dir='ltr'>del.</span> <span class='ocrx_word' id='word_1_338' title='bbox 384 4086 469 4160; x_wconf 83' lang='lat' dir='ltr'>,ieti“</span> <span class='ocrx_word' id='word_1_339' title='bbox 501 4089 614 4147; x_wconf 81' lang='lat' dir='ltr'>maluit.</span> <span class='ocrx_word' id='word_1_340' title='bbox 639 4117 680 4126; x_wconf 88' lang='lat'><em>-</em></span> <span class='ocrx_word' id='word_1_341' title='bbox 704 4089 773 4146; x_wconf 83' lang='lat'>340.</span> <span class='ocrx_word' id='word_1_342' title='bbox 802 4082 884 4146; x_wconf 87' lang='lat' dir='ltr'>Eum</span> <span class='ocrx_word' id='word_1_343' title='bbox 912 4103 961 4145; x_wconf 87' lang='lat' dir='ltr'>me</span> <span class='ocrx_word' id='word_1_344' title='bbox 992 4081 1115 4146; x_wconf 78' lang='lat' dir='ltr'>uidisse</span> <span class='ocrx_word' id='word_1_345' title='bbox 1149 4087 1227 4145; x_wconf 85' lang='lat' dir='ltr'>Cam.</span> <span class='ocrx_word' id='word_1_346' title='bbox 1255 4115 1290 4124; x_wconf 89' lang='lat'>-</span> <span class='ocrx_word' id='word_1_347' title='bbox 1318 4087 1389 4144; x_wconf 83' lang='grc'><strong>341.</strong></span> 
     </span>
     <span class='ocr_line' id='line_1_36' title="bbox 292 4183 1391 4266; baseline -0.005 -16"><span class='ocrx_word' id='word_1_348' title='bbox 292 4185 351 4250; x_wconf 78' lang='lat' dir='ltr'>hue</span> <span class='ocrx_word' id='word_1_349' title='bbox 374 4191 440 4249; x_wconf 87' lang='lat' dir='ltr'>add.</span> <span class='ocrx_word' id='word_1_350' title='bbox 465 4191 498 4249; x_wconf 89' lang='lat' dir='ltr'>R.</span> <span class='ocrx_word' id='word_1_351' title='bbox 523 4197 556 4249; x_wconf 91' lang='lat' dir='ltr'>ut</span> <span class='ocrx_word' id='word_1_352' title='bbox 580 4193 703 4250; x_wconf 89' lang='lat'>331.-</span> <span class='ocrx_word' id='word_1_353' title='bbox 722 4193 793 4249; x_wconf 79' lang='lat'>342.</span> <span class='ocrx_word' id='word_1_354' title='bbox 818 4183 976 4249; x_wconf 78' lang='lat' dir='ltr'>Solarium</span> <span class='ocrx_word' id='word_1_355' title='bbox 999 4195 1044 4248; x_wconf 89' lang='lat' dir='ltr'>eet</span> <span class='ocrx_word' id='word_1_356' title='bbox 1064 4190 1147 4248; x_wconf 87' lang='lat' dir='ltr'>locus</span> <span class='ocrx_word' id='word_1_357' title='bbox 1169 4189 1276 4266; x_wconf 85' lang='lat' dir='ltr'>plenus</span> <span class='ocrx_word' id='word_1_358' title='bbox 1299 4207 1391 4264; x_wconf 82' lang='lat' dir='ltr'>supra</span> 
     </span>
     <span class='ocr_line' id='line_1_37' title="bbox 293 4291 1391 4371; baseline -0.002 -21"><span class='ocrx_word' id='word_1_359' title='bbox 293 4295 439 4371; x_wconf 90' lang='lat' dir='ltr'>porticum</span> <span class='ocrx_word' id='word_1_360' title='bbox 481 4299 533 4351; x_wconf 88' lang='lat' dir='ltr'>eut</span> <span class='ocrx_word' id='word_1_361' title='bbox 571 4313 662 4371; x_wconf 85' lang='lat' dir='ltr'>supra</span> <span class='ocrx_word' id='word_1_362' title='bbox 694 4294 864 4352; x_wconf 84' lang='lat' dir='ltr'>inferiorem</span> <span class='ocrx_word' id='word_1_363' title='bbox 898 4293 1004 4351; x_wconf 79' lang='lat' dir='ltr'>aedium</span> <span class='ocrx_word' id='word_1_364' title='bbox 1038 4295 1304 4368; x_wconf 82' lang='lat' dir='ltr'>contignationem,</span> <span class='ocrx_word' id='word_1_365' title='bbox 1339 4291 1391 4348; x_wconf 91' lang='lat' dir='ltr'>ubi</span> 
     </span>
     <span class='ocr_line' id='line_1_38' title="bbox 292 4393 1386 4472; baseline -0.003 -20"><span class='ocrx_word' id='word_1_366' title='bbox 292 4395 459 4454; x_wconf 78' lang='lat' dir='ltr'>habitantes</span> <span class='ocrx_word' id='word_1_367' title='bbox 493 4397 586 4454; x_wconf 91' lang='lat' dir='ltr'>libero</span> <span class='ocrx_word' id='word_1_368' title='bbox 616 4417 682 4455; x_wconf 88' lang='lat' dir='ltr'>aere</span> <span class='ocrx_word' id='word_1_369' title='bbox 711 4403 740 4454; x_wconf 86' lang='lat' dir='ltr'>et</span> <span class='ocrx_word' id='word_1_370' title='bbox 767 4399 830 4455; x_wconf 84' lang='lat' dir='ltr'>eolo</span> <span class='ocrx_word' id='word_1_371' title='bbox 861 4398 919 4454; x_wconf 87' lang='lat' dir='ltr'>frui</span> <span class='ocrx_word' id='word_1_372' title='bbox 948 4398 1078 4471; x_wconf 87' lang='lat' dir='ltr'>possiut;</span> <span class='ocrx_word' id='word_1_373' title='bbox 1113 4397 1148 4454; x_wconf 85' lang='lat' dir='ltr'>os.</span> <span class='ocrx_word' id='word_1_374' title='bbox 1174 4393 1293 4472; x_wconf 86' lang='lat' dir='ltr'>Ulpiuu.</span> <span class='ocrx_word' id='word_1_375' title='bbox 1319 4393 1386 4471; x_wconf 85' lang='lat' dir='ltr'>Dig.</span> 
     </span>
    </p>
   </div>
   <div class='ocr_carea' id='block_1_11' title="bbox 0 0 1494 5004">
    <p class='ocr_par' dir='ltr' id='par_1_11' title="bbox 0 0 1494 5004">
     <span class='ocr_line' id='line_1_39' title="bbox 0 0 1494 5004; baseline 0 0"><span class='ocrx_word' id='word_1_376' title='bbox 0 0 1494 5004; x_wconf 95' lang='lat' dir='ltr'> </span> 
     </span>
    </p>
   </div>
  </div>
 </body>
</html>
