2982 5000
258 431 320 492 256
738 426 899 482 Pseudolus.

261 623 374 694 „milite
398 643 413 679 e
436 618 640 680 Macedonia“.
672 651 709 661 -
739 623 809 680 622.
832 637 900 680 meo
923 637 976 682 ero
999 624 1033 681 A.
1060 653 1097 664 -
1123 619 1261 694 dederat,
1291 643 1319 682 v.
1343 624 1377 681 ad

258 725 364 803 Amph.
389 727 459 786 379.
483 753 525 764 -
548 726 618 784 623.
647 720 767 784 secuisti
789 727 851 782 veri
875 725 1000 802 perlecti
1023 728 1083 784 vim
1106 727 1211 798 habet,
1240 723 1274 784 ci.
1300 725 1376 784 Meu.

258 830 328 886 297.
355 829 424 888 371.
471 827 541 885 Hor.
565 825 626 885 Sat.
650 825 693 898 Π,
722 829 755 898 2,
789 829 858 888 113.
904 827 1019 886 Phaedr.
1044 827 1078 900 V,
1107 831 1141 898 9,
1173 830 1202 886 4.
1231 858 1271 868 -
1308 830 1375 886 624,

257 924 400 988 Allienus
422 931 456 988 A.
480 959 522 969 -
546 931 616 988 626.
649 923 745 1004 Quia,
775 933 860 1006 quasi
884 932 1100 1006 interrogatum
1124 936 1202 990 esset
1223 951 1280 990 nou
1308 932 1375 1004 „ubi

257 1053 303 1090 ms
326 1029 470 1092 uidisti?“
501 1031 553 1090 sed
579 1029 676 1106 ,unde
705 1053 750 1092 me
772 1029 890 1092 nosti?“
928 1031 1209 1092 cl'.sd11il.474.
1249 1033 1373 1108 Langen.
1458 1037 1459 1082 ἲ

256 1137 347 1195 Bsitr.
371 1157 400 1213 p.
426 1138 475 1196 56.
520 1135 586 1194 Non
605 1155 727 1212 necesse,
745 1143 791 1194 est
813 1137 907 1210 igitur
924 1155 989 1194 cum
1012 1135 1177 1194 Ritsohelio
1195 1155 1304 1196 versum
1325 1157 1372 1194 sx-

257 1239 364 1298 cidisse
392 1243 539 1317 putemus.
569 1263 612 1278 ...
644 1233 719 1297 lsuec
747 1237 782 1295 Δ.
811 1267 854 1280 ·-
888 1241 958 1298 627.
990 1234 1108 1316 quoad,
1142 1241 1162 1296 i.
1186 1260 1210 1297 e.
1234 1240 1307 1316 quod
1338 1239 1373 1297 ad

255 1347 382 1418 ternpus.
417 1341 484 1400 Ter.
497 1339 614 1398 Phorm.
634 1343 707 1399 las:
736 1341 858 1411 „Senem
877 1341 975 1418 quoad
1000 1343 1179 1418 exspectatis
1202 1339 1370 1402 nostrum?“

257 1445 293 1502 cf.
318 1445 357 1501 ib.
382 1445 458 1516 462;
494 1443 544 1500 sed
567 1447 666 1502 nescio
692 1463 729 1500 an
754 1463 859 1520 „qnam
882 1443 939 1502 ad“
965 1445 1154 1504 scribendum
1177 1447 1232 1518 sit,
1255 1451 1288 1502 ut
1308 1445 1370 1502 Ter.

258 1537 376 1606 Phorm.
403 1549 478 1605 524:
514 1546 588 1619 „tibi
611 1547 732 1623 quidem
755 1553 800 1604 est
822 1548 893 1604 olim
916 1547 994 1621 dies,
1018 1547 1110 1618 Quam
1135 1547 1172 1606 sd
1196 1548 1277 1606 dares
1297 1546 1371 1618 huic,

256 1647 467 1725 praestituta“.
497 1679 540 1688 -
570 1653 641 1710 630.
678 1647 845 1726 „expenso“
871 1651 1004 1726 spurium
1033 1669 1098 1708 esse
1127 1651 1204 1708 vidit
1229 1651 1310 1710 Both.
1333 1681 1371 1689 -

259 1754 329 1812 631.
362 1747 401 1812 Sl
424 1747 562 1828 quidem,
595 1773 620 1810 v.
646 1753 682 1810 ad
705 1752 770 1809 Mil.
797 1754 866 1812 lea.
903 1782 937 1790 -
969 1752 1133 1828 promptae
1162 1755 1290 1824 Acidal,
1323 1773 1371 1810 aaa

259 1855 435 1914 indicativus
458 1856 575 1914 delendi
597 1861 707 1931 potest.
730 1885 764 1894 -
786 1857 856 1914 632.
880 1847 1026 1928 libellam,
1052 1855 1152 1914 0199.
1172 1886 1213 1896 -
1236 1855 1371 1914 sternuat

258 1961 293 2030 A,
316 1959 375 2016 vid.
400 1957 531 2016 Studam.
555 1957 655 2016 Herm.
679 1957 694 2016 I
716 1977 744 2034 p.
771 1959 841 2030 308,
863 1964 897 2016 ut
919 1959 978 2016 iam
1001 1959 1189 2018 divinaverat
1211 1959 1369 2028 Salmasius,

257 2064 308 2138 qui
333 2063 421 2118 etiam
444 2081 636 2137 personarum
660 2061 901 2119 distributionem
925 2060 1102 2120 emendavit.
1148 2061 1306 2134 Facillime,
1328 2063 1368 2118 in-

258 2166 334 2240 quit,
358 2183 404 2222 res
426 2169 575 2222 transacta
598 2165 662 2234 erit,
686 2165 710 2222 si
735 2163 804 2220 mihi
825 2169 978 2240 argentum
999 2163 1130 2236 dederis;
1154 2165 1236 2222 nulla
1254 2183 1285 2222 re
1303 2183 1369 2241 opus

258 2269 317 2324 erit
340 2267 395 2324 nisi
419 2275 452 2323 ut
475 2267 550 2324 vella
572 2272 603 2323 ts
627 2265 782 2342 significes.
805 2296 845 2306 -
870 2267 940 2326 633.
966 2265 1050 2338 Quod
1072 2260 1209 2326 solutam
1230 2267 1370 2326 retulere

259 2369 376 2428 dixerat
405 2366 454 2440 (cl.
475 2370 514 2436 ad
539 2372 620 2428 Asin.
646 2371 716 2426 217.
740 2369 818 2426 iufra
841 2369 930 2442 644),
962 2370 1082 2446 Harpax
1112 2376 1233 2448 arrepta
1260 2372 1369 2446 propria
1462 2399 1463 2434 3

260 2475 338 2532 vocis
362 2470 576 2546 significatione
599 2474 642 2530 ait
664 2491 694 2530 ss
716 2467 852 2532 ancum
874 2493 949 2544 ram,
973 2475 992 2531 i.
1017 2493 1042 2530 s.
1065 2473 1232 2550 pecuniam,
1261 2491 1369 2531 servsrs

256 2575 345 2634 malle
374 2576 524 2652 quomodo
553 2595 629 2632 nuuc
657 2575 687 2632 iu
718 2595 857 2634 crumena
885 2581 1031 2634 serretur.
1094 2568 1241 2636 (linctum
1270 2576 1310 2651 A,
1339 2581 1369 2630 ut

258 2681 315 2737 iam
339 2677 458 2736 Gruter.
482 2707 524 2718 —
554 2679 624 2736 634.
661 2670 727 2738 Ude
751 2671 821 2752 libi,
846 2699 872 2736 v.
903 2679 941 2736 ad
969 2679 1059 2737 Marc.
1088 2679 1156 2738 160.
1180 2707 1224 2716 -
1257 2672 1304 2737 Tu
1328 2672 1368 2736 in·
1463 2751 1464 2768 Χ

256 2771 395 2852 aealu'a,
439 2781 476 2838 cf.
510 2781 595 2856 Capt.
632 2782 706 2839 563:
757 2779 819 2850 „Tu
858 2782 936 2840 enim
976 2781 1139 2857 repertu's,
1183 2779 1367 2839 Philocratem
1463 2811 1464 2860 p

257 2886 308 2961 qui
339 2903 460 2961 superes
488 2877 688 2940 ueriuarbio“.
721 2911 761 2921 -
791 2897 864 2941 ciero
893 2889 938 2941 est
965 2883 1116 2961 profecto,
1145 2891 1182 2942 ut
1210 2883 1275 2943 Cas.
1303 2883 1367 2942 las:
1463 2865 1464 2940 i

260 2987 348 3060 „Sine
382 3007 453 3045 uero
487 2985 578 3044 amari
607 2981 668 3044 te“.
725 2983 800 3044 Rud.
830 2987 906 3044 79⁴1:
944 2986 1056 3058 „Quam
1090 3004 1228 3060 magnum
1267 2980 1366 3046 uercl“

258 3089 348 3148 Stich.
373 3091 451 3148 477:
490 3088 613 3164 „Nescio
643 3087 716 3164 quid
743 3107 815 3146 uero
843 3088 937 3147 habeo
959 3089 989 3146 in
1012 3085 1153 3148 mundo“.
1189 3087 1225 3148 cf.
1248 3083 1368 3163 Lacipea.

257 3193 351 3252 Beitr.
375 3212 404 3268 p.
432 3193 488 3250 113
519 3212 563 3268 sq.
594 3221 636 3230 -
662 3183 806 3265 furcilles
835 3189 1032 3263 Passeratius,
1062 3190 1114 3248 sed
1139 3209 1234 3267 prava
1262 3211 1368 3250 enarra·

257 3299 352 3367 tiona;
377 3302 422 3352 est
444 3297 520 3353 enirn
544 3315 651 3364 verses,
675 3295 776 3365 iactes,
801 3299 834 3351 ut
857 3293 948 3352 herba
970 3295 1095 3351 furcillis
1117 3300 1263 3352 versatur.
1309 3294 1368 3352 Lor.

256 3398 384 3458 contulit
406 3397 517 3456 Placid.
542 3415 569 3473 p.
594 3399 627 3456 8:
669 3395 889 3466 „adsarcillaui,
924 3395 1042 3470 subrui,
1077 3395 1273 3472 labefactaui,
1308 3418 1368 3456 con·

258 3500 365 3562 cussi“.
388 3529 431 3540 -
454 3501 525 3558 635.
553 3497 694 3558 sescenta
717 3497 819 3570 lanta,
847 3498 883 3556 cf.
906 3497 1011 3556 Bacch.
1040 3501 1129 3558 1031.
1154 3529 1196 3538 -
1218 3501 1290 3558 636.
1319 3494 1370 3559 Ρο-

259 3607 320 3666 teat
339 3603 383 3678 ul,
408 3603 444 3663 cf.
470 3605 540 3662 236.
564 3632 607 3641 -
628 3596 688 3660 alii
709 3603 745 3659 A.
767 3629 810 3640 -
831 3600 867 3660 sal
887 3616 934 3674 sse,
959 3620 986 3659 v.
1005 3601 1148 3680 adEpid.
1169 3603 1218 3660 66.
1243 3631 1286 3642 -
1308 3603 1368 3660 633.

258 3709 348 3766 lmmo
371 3711 420 3780 tu,
450 3708 563 3782 inquit,
593 3705 648 3764 hoc
671 3704 757 3775 diois,
786 3723 841 3780 ego
863 3705 1007 3780 suspicor.
1057 3699 1093 3762 s'd
1113 3689 1182 3762 ant'e
1208 3700 1366 3782 ,suspicerf‘

258 3831 346 3888 quum
370 3811 399 3868 in
423 3811 449 3868 A
472 3829 529 3868 non
552 3809 681 3882 legisset,
706 3813 774 3864 ants
799 3801 915 3888 ,dicas“
939 3807 1040 3883 posuit
1062 3805 1096 3864 R.
1123 3836 1165 3846 -
1194 3807 1367 3883 que-aulem,

174 3921 177 3926 ’
258 3935 284 3974 v.
310 3915 346 3972 ad
370 3913 433 3972 Mil.
461 3913 550 3971 1143.
580 3941 622 3950 -
652 3912 722 3970 639.
758 3905 903 3986 quidest
926 3901 1128 3982 tibinomea,
1160 3929 1187 3968 v.
1212 3910 1248 3967 ad
1274 3909 1366 3987 Amph.

259 4019 329 4088 360,
353 4017 388 4075 cf.
414 4015 581 4074 infracta.
608 4015 678 4072 656.
704 4015 775 4072 981.
798 4042 840 4053 -
864 4007 961 4088 Syros
983 4012 1091 4070 multos
1113 4013 1173 4072 illis
1195 4013 1366 4090 temporibus

256 4123 287 4178 in
311 4119 423 4178 Graecia
446 4123 476 4176 et
498 4118 586 4174 ltalia
616 4118 741 4174 servisse
765 4122 894 4190 constat,
924 4135 952 4173 v.
974 4115 1034 4173 (lic.
1059 4113 1140 4172 Orat.
1163 4113 1202 4186 Π,
1227 4117 1277 4192 66,
1301 4117 1365 4186 265;

257 4223 337 4298 iique
365 4222 421 4280 hoc
448 4221 565 4279 nomine
593 4219 737 4296 appellari
761 4219 903 4276 solebant.
930 4247 967 4256 -
993 4219 1063 4276 642.
1088 4213 1172 4294 quod
1187 4217 1222 4291 A,
1246 4217 1283 4278 of.
1306 4220 1364 4278 278.

256 4355 294 4375 .-
321 4319 379 4382 leuc
401 4327 436 4380 A.
459 4352 496 4361 -
521 4323 717 4380 Personarum
743 4324 889 4380 rationem
909 4320 1062 4380 em-Acid.
1083 4349 1121 4359 -
1148 4321 1219 4379 644.
1242 4315 1365 4380 solutum
