<?xml version="1.0" encoding="UTF-8"?>
<!DOCTYPE html PUBLIC "-//W3C//DTD XHTML 1.0 Transitional//EN"
    "http://www.w3.org/TR/xhtml1/DTD/xhtml1-transitional.dtd">
<html xmlns="http://www.w3.org/1999/xhtml" xml:lang="en" lang="en">
 <head>
  <title>
</title>
<meta http-equiv="Content-Type" content="text/html;charset=utf-8" />
  <meta name='ocr-system' content='tesseract 3.04.00' />
  <meta name='ocr-capabilities' content='ocr_page ocr_carea ocr_par ocr_line ocrx_word'/>
</head>
<body>
  <div class='ocr_page' id='page_1' title='image "./missing/tmacciiplautico01ussigoog/tmacciiplautico01ussigoog_0152.png"; bbox 0 0 2932 5008; ppageno 0'>
   <div class='ocr_carea' id='block_1_1' title="bbox 85 471 1199 538">
    <p class='ocr_par' dir='ltr' id='par_1_1' title="bbox 85 471 1199 538">
     <span class='ocr_line' id='line_1_1' title="bbox 85 471 1199 538; baseline 0.001 -17"><span class='ocrx_word' id='word_1_1' title='bbox 85 477 110 532; x_wconf 85' lang='lat'><strong>1,</strong></span> <span class='ocrx_word' id='word_1_2' title='bbox 131 471 160 534; x_wconf 75' lang='lat'><strong>2,</strong></span> <span class='ocrx_word' id='word_1_3' title='bbox 182 471 288 524; x_wconf 76' lang='lat'>56—64</span> <span class='ocrx_word' id='word_1_4' title='bbox 584 471 732 524; x_wconf 72' lang='lat' dir='ltr'><strong>Mercator.</strong></span> <span class='ocrx_word' id='word_1_5' title='bbox 1139 480 1199 538; x_wconf 77' lang='lat'><strong>143</strong></span> 
     </span>
    </p>
   </div>
   <div class='ocr_carea' id='block_1_2' title="bbox 83 657 1138 851">
    <p class='ocr_par' dir='ltr' id='par_1_2' title="bbox 83 657 1138 851">
     <span class='ocr_line' id='line_1_2' title="bbox 552 657 752 724; baseline 0 0"><span class='ocrx_word' id='word_1_6' title='bbox 552 657 752 724; x_wconf 84' lang='lat' dir='ltr'><strong>Charinus</strong></span> 
     </span>
     <span class='ocr_line' id='line_1_3' title="bbox 83 765 1138 851; baseline 0.004 -22"><span class='ocrx_word' id='word_1_7' title='bbox 83 766 217 830; x_wconf 80' lang='lat' dir='ltr'>Hercle</span> <span class='ocrx_word' id='word_1_8' title='bbox 241 787 321 830; x_wconf 84' lang='lat' dir='ltr'><strong>uero</strong></span> <span class='ocrx_word' id='word_1_9' title='bbox 344 765 526 849; x_wconf 73' lang='lat' dir='ltr'><strong>uapulabia</strong></span> <span class='ocrx_word' id='word_1_10' title='bbox 549 769 612 832; x_wconf 86' lang='lat' dir='ltr'><strong>nisi</strong></span> <span class='ocrx_word' id='word_1_11' title='bbox 634 769 700 832; x_wconf 92' lang='lat' dir='ltr'><strong>iam</strong></span> <span class='ocrx_word' id='word_1_12' title='bbox 722 768 857 851; x_wconf 86' lang='lat' dir='ltr'><strong>loquere</strong></span> <span class='ocrx_word' id='word_1_13' title='bbox 880 775 938 832; x_wconf 86' lang='lat' dir='ltr'><strong>aut</strong></span> <span class='ocrx_word' id='word_1_14' title='bbox 960 767 1035 832; x_wconf 88' lang='lat' dir='ltr'><strong>hino</strong></span> <span class='ocrx_word' id='word_1_15' title='bbox 1058 769 1138 834; x_wconf 87' lang='lat' dir='ltr'><strong>abis.</strong></span> 
     </span>
    </p>
   </div>
   <div class='ocr_carea' id='block_1_3' title="bbox 83 943 1200 1226">
    <p class='ocr_par' dir='ltr' id='par_1_3' title="bbox 83 943 1200 1226">
     <span class='ocr_line' id='line_1_4' title="bbox 553 943 753 1008; baseline 0.01 -2"><span class='ocrx_word' id='word_1_16' title='bbox 553 943 753 1008; x_wconf 74' lang='lat' dir='ltr'><strong>Acanthio</strong></span> 
     </span>
     <span class='ocr_line' id='line_1_5' title="bbox 83 1051 1200 1154; baseline 0.002 -38"><span class='ocrx_word' id='word_1_17' title='bbox 83 1053 164 1116; x_wconf 91' lang='lat' dir='ltr'><strong>Hoc</strong></span> <span class='ocrx_word' id='word_1_18' title='bbox 194 1054 256 1154; x_wconf 83' lang='lat' dir='ltr'><strong>¹ais</strong></span> <span class='ocrx_word' id='word_1_19' title='bbox 290 1051 383 1128; x_wconf 88' lang='lat' dir='ltr'><strong>uide,</strong></span> <span class='ocrx_word' id='word_1_20' title='bbox 423 1059 461 1114; x_wconf 82' lang='lat' dir='ltr'><strong>ut</strong></span> <span class='ocrx_word' id='word_1_21' title='bbox 500 1051 668 1134; x_wconf 78' lang='lat' dir='ltr'>palpatur!</span> <span class='ocrx_word' id='word_1_22' title='bbox 707 1051 854 1131; x_wconf 83' lang='lat' dir='ltr'><strong>Nullust,</strong></span> <span class='ocrx_word' id='word_1_23' title='bbox 893 1053 1024 1136; x_wconf 87' lang='lat' dir='ltr'><strong>quando</strong></span> <span class='ocrx_word' id='word_1_24' title='bbox 1064 1057 1200 1137; x_wconf 84' lang='lat' dir='ltr'><strong>occepit,</strong></span> 
     </span>
     <span class='ocr_line' id='line_1_6' title="bbox 920 1161 1080 1226; baseline -0.013 -1"><span class='ocrx_word' id='word_1_25' title='bbox 920 1161 1080 1226; x_wconf 87' lang='lat' dir='ltr'><strong>blandior.</strong></span> 
     </span>
    </p>
   </div>
   <div class='ocr_carea' id='block_1_4' title="bbox 82 1301 1202 1602">
    <p class='ocr_par' dir='ltr' id='par_1_4' title="bbox 82 1301 1202 1602">
     <span class='ocr_line' id='line_1_7' title="bbox 553 1301 755 1366; baseline 0 0"><span class='ocrx_word' id='word_1_26' title='bbox 553 1301 755 1366; x_wconf 82' lang='lat' dir='ltr'><strong>Charinus</strong></span> 
     </span>
     <span class='ocr_line' id='line_1_8' title="bbox 82 1410 1199 1494; baseline -0.001 -17"><span class='ocrx_word' id='word_1_27' title='bbox 82 1413 243 1477; x_wconf 85' lang='lat' dir='ltr'><strong>Obsecro</strong></span> <span class='ocrx_word' id='word_1_28' title='bbox 268 1410 379 1474; x_wconf 85' lang='lat' dir='ltr'><strong>hercle</strong></span> <span class='ocrx_word' id='word_1_29' title='bbox 403 1432 524 1494; x_wconf 81' lang='lat' dir='ltr'><strong>oroque</strong></span> <span class='ocrx_word' id='word_1_30' title='bbox 547 1419 593 1490; x_wconf 86' lang='lat' dir='ltr'><strong>ut,</strong></span> <span class='ocrx_word' id='word_1_31' title='bbox 616 1413 701 1475; x_wconf 82' lang='lat' dir='ltr'><strong>istuc</strong></span> <span class='ocrx_word' id='word_1_32' title='bbox 725 1413 803 1494; x_wconf 93' lang='lat' dir='ltr'><strong>quid</strong></span> <span class='ocrx_word' id='word_1_33' title='bbox 825 1414 877 1490; x_wconf 87' lang='lat' dir='ltr'><strong>sit,</strong></span> <span class='ocrx_word' id='word_1_34' title='bbox 901 1419 1045 1478; x_wconf 83' lang='lat' dir='ltr'><strong>actutum</strong></span> <span class='ocrx_word' id='word_1_35' title='bbox 1065 1413 1199 1490; x_wconf 84' lang='lat' dir='ltr'><strong>indicos,</strong></span> 
     </span>
     <span class='ocr_line' id='line_1_9' title="bbox 83 1519 1202 1602; baseline 0.005 -17"><span class='ocrx_word' id='word_1_36' title='bbox 83 1519 371 1602; x_wconf 80' lang='lat' dir='ltr'><strong>Quandoquidem</strong></span> <span class='ocrx_word' id='word_1_37' title='bbox 395 1519 472 1582; x_wconf 91' lang='lat' dir='ltr'><strong>mihi</strong></span> <span class='ocrx_word' id='word_1_38' title='bbox 497 1520 747 1602; x_wconf 84' lang='lat' dir='ltr'><strong>supplicandum</strong></span> <span class='ocrx_word' id='word_1_39' title='bbox 771 1521 898 1586; x_wconf 82' lang='lat' dir='ltr'><strong>seruolo</strong></span> <span class='ocrx_word' id='word_1_40' title='bbox 920 1521 1017 1584; x_wconf 88' lang='lat' dir='ltr'><strong>uideo</strong></span> <span class='ocrx_word' id='word_1_41' title='bbox 1040 1541 1120 1586; x_wconf 87' lang='lat' dir='ltr'><strong>meo.</strong></span> <span class='ocrx_word' id='word_1_42' title='bbox 1154 1541 1202 1590; x_wconf 78' lang='lat'><strong>170</strong></span> 
     </span>
    </p>
   </div>
   <div class='ocr_carea' id='block_1_5' title="bbox 83 1697 754 1886">
    <p class='ocr_par' dir='ltr' id='par_1_5' title="bbox 83 1697 754 1886">
     <span class='ocr_line' id='line_1_10' title="bbox 553 1697 754 1762; baseline 0.01 -2"><span class='ocrx_word' id='word_1_43' title='bbox 553 1697 754 1762; x_wconf 78' lang='lat' dir='ltr'><strong>Acanthio</strong></span> 
     </span>
     <span class='ocr_line' id='line_1_11' title="bbox 83 1803 579 1886; baseline -0.004 -16"><span class='ocrx_word' id='word_1_44' title='bbox 83 1805 247 1870; x_wconf 79' lang='lat' dir='ltr'><strong>Tandem</strong></span> <span class='ocrx_word' id='word_1_45' title='bbox 269 1803 420 1886; x_wconf 83' lang='lat' dir='ltr'><strong>indignus</strong></span> <span class='ocrx_word' id='word_1_46' title='bbox 442 1804 579 1868; x_wconf 79' lang='lat' dir='ltr'><strong>uidcor?</strong></span> 
     </span>
    </p>
   </div>
   <div class='ocr_carea' id='block_1_6' title="bbox 554 1956 842 2150">
    <p class='ocr_par' dir='ltr' id='par_1_6' title="bbox 554 1956 842 2150">
     <span class='ocr_line' id='line_1_12' title="bbox 554 1956 754 2023; baseline 0.005 -1"><span class='ocrx_word' id='word_1_47' title='bbox 554 1956 754 2023; x_wconf 83' lang='lat' dir='ltr'><strong>Charinus</strong></span> 
     </span>
     <span class='ocr_line' id='line_1_13' title="bbox 591 2067 842 2150; baseline 0 -18"><span class='ocrx_word' id='word_1_48' title='bbox 591 2067 693 2132; x_wconf 91' lang='lat' dir='ltr'><strong>Immo</strong></span> <span class='ocrx_word' id='word_1_49' title='bbox 716 2068 842 2150; x_wconf 84' lang='lat' dir='ltr'><strong>dignus.</strong></span> 
     </span>
    </p>
   </div>
   <div class='ocr_carea' id='block_1_7' title="bbox 515 2221 1201 2417">
    <p class='ocr_par' dir='ltr' id='par_1_7' title="bbox 515 2221 1201 2417">
     <span class='ocr_line' id='line_1_14' title="bbox 515 2221 754 2286; baseline 0 0"><span class='ocrx_word' id='word_1_50' title='bbox 515 2223 518 2226; x_wconf 79' lang='grc'><strong>’</strong></span> <span class='ocrx_word' id='word_1_51' title='bbox 554 2221 754 2286; x_wconf 81' lang='lat' dir='ltr'><strong>Acanthio</strong></span> 
     </span>
     <span class='ocr_line' id='line_1_15' title="bbox 884 2333 1201 2417; baseline 0.003 -20"><span class='ocrx_word' id='word_1_52' title='bbox 884 2333 1044 2417; x_wconf 81' lang='lat' dir='ltr'><strong>Equidem</strong></span> <span class='ocrx_word' id='word_1_53' title='bbox 1067 2336 1201 2400; x_wconf 86' lang='lat' dir='ltr'><strong>credidi.</strong></span> 
     </span>
    </p>
   </div>
   <div class='ocr_carea' id='block_1_8' title="bbox 87 2483 755 2679">
    <p class='ocr_par' dir='ltr' id='par_1_8' title="bbox 87 2483 755 2679">
     <span class='ocr_line' id='line_1_16' title="bbox 555 2483 755 2552; baseline 0 0"><span class='ocrx_word' id='word_1_54' title='bbox 555 2483 755 2552; x_wconf 82' lang='lat' dir='ltr'><strong>Charinus</strong></span> 
     </span>
     <span class='ocr_line' id='line_1_17' title="bbox 87 2597 615 2679; baseline -0.006 -16"><span class='ocrx_word' id='word_1_55' title='bbox 87 2599 259 2673; x_wconf 84' lang='lat' dir='ltr'><strong>Obaeor0,</strong></span> <span class='ocrx_word' id='word_1_56' title='bbox 283 2615 359 2658; x_wconf 90' lang='lat' dir='ltr'><strong>num</strong></span> <span class='ocrx_word' id='word_1_57' title='bbox 382 2597 474 2660; x_wconf 86' lang='lat' dir='ltr'><strong>nauis</strong></span> <span class='ocrx_word' id='word_1_58' title='bbox 496 2597 615 2679; x_wconf 86' lang='lat' dir='ltr'><strong>pariit?</strong></span> 
     </span>
    </p>
   </div>
   <div class='ocr_carea' id='block_1_9' title="bbox 556 2751 1131 2939">
    <p class='ocr_par' dir='ltr' id='par_1_9' title="bbox 556 2751 1131 2939">
     <span class='ocr_line' id='line_1_18' title="bbox 556 2751 756 2816; baseline 0.015 -3"><span class='ocrx_word' id='word_1_59' title='bbox 556 2751 756 2816; x_wconf 90' lang='lat' dir='ltr'><strong>Acanthio</strong></span> 
     </span>
     <span class='ocr_line' id='line_1_19' title="bbox 691 2858 1131 2939; baseline -0.005 -15"><span class='ocrx_word' id='word_1_60' title='bbox 691 2858 825 2924; x_wconf 83' lang='lat' dir='ltr'><strong>Saluast</strong></span> <span class='ocrx_word' id='word_1_61' title='bbox 847 2862 958 2939; x_wconf 82' lang='lat' dir='ltr'><strong>nauis3</strong></span> <span class='ocrx_word' id='word_1_62' title='bbox 982 2881 1021 2924; x_wconf 88' lang='lat' dir='ltr'><strong>ne</strong></span> <span class='ocrx_word' id='word_1_63' title='bbox 1044 2861 1131 2924; x_wconf 84' lang='lat' dir='ltr'><strong>timo.</strong></span> 
     </span>
    </p>
   </div>
   <div class='ocr_carea' id='block_1_10' title="bbox 91 3011 757 3201">
    <p class='ocr_par' dir='ltr' id='par_1_10' title="bbox 91 3011 757 3201">
     <span class='ocr_line' id='line_1_20' title="bbox 558 3011 757 3078; baseline 0 0"><span class='ocrx_word' id='word_1_64' title='bbox 558 3011 757 3078; x_wconf 80' lang='lat' dir='ltr'><strong>Charinus</strong></span> 
     </span>
     <span class='ocr_line' id='line_1_21' title="bbox 91 3119 530 3201; baseline -0.005 -15"><span class='ocrx_word' id='word_1_65' title='bbox 91 3121 188 3201; x_wconf 82' lang='lat' dir='ltr'><strong>Quid</strong></span> <span class='ocrx_word' id='word_1_66' title='bbox 216 3119 285 3182; x_wconf 88' lang='lat' dir='ltr'><strong>alia</strong></span> <span class='ocrx_word' id='word_1_67' title='bbox 306 3122 530 3185; x_wconf 82' lang='lat' dir='ltr'><strong>armamenta?</strong></span> 
     </span>
    </p>
   </div>
   <div class='ocr_carea' id='block_1_11' title="bbox 515 3278 939 3452">
    <p class='ocr_par' dir='ltr' id='par_1_11' title="bbox 515 3278 939 3452">
     <span class='ocr_line' id='line_1_22' title="bbox 557 3278 939 3370; baseline 0.008 -30"><span class='ocrx_word' id='word_1_68' title='bbox 557 3278 757 3342; x_wconf 87' lang='lat' dir='ltr'><strong>Acanthio</strong></span> <span class='ocrx_word' id='word_1_69' title='bbox 934 3355 939 3370; x_wconf 29' lang='grc' dir='ltr'>ι</span> 
     </span>
     <span class='ocr_line' id='line_1_23' title="bbox 515 3383 881 3452; baseline 0 -2"><span class='ocrx_word' id='word_1_70' title='bbox 515 3383 616 3450; x_wconf 85' lang='lat' dir='ltr'><strong>Salua</strong></span> <span class='ocrx_word' id='word_1_71' title='bbox 637 3393 672 3451; x_wconf 85' lang='lat' dir='ltr'><strong>et</strong></span> <span class='ocrx_word' id='word_1_72' title='bbox 694 3407 774 3451; x_wconf 83' lang='lat' dir='ltr'><strong>sana</strong></span> <span class='ocrx_word' id='word_1_73' title='bbox 796 3393 881 3452; x_wconf 85' lang='lat' dir='ltr'><strong>sunt.</strong></span> 
     </span>
    </p>
   </div>
   <div class='ocr_carea' id='block_1_12' title="bbox 99 3539 1205 3842">
    <p class='ocr_par' dir='ltr' id='par_1_12' title="bbox 99 3539 1205 3842">
     <span class='ocr_line' id='line_1_24' title="bbox 559 3539 757 3605; baseline 0 -1"><span class='ocrx_word' id='word_1_74' title='bbox 559 3539 757 3605; x_wconf 80' lang='lat' dir='ltr'><strong>Charinus</strong></span> 
     </span>
     <span class='ocr_line' id='line_1_25' title="bbox 894 3649 1204 3733; baseline -0.006 -19"><span class='ocrx_word' id='word_1_75' title='bbox 894 3649 978 3727; x_wconf 84' lang='lat' dir='ltr'><strong>Quin</strong></span> <span class='ocrx_word' id='word_1_76' title='bbox 1001 3657 1037 3714; x_wconf 85' lang='lat' dir='ltr'><strong>tu</strong></span> <span class='ocrx_word' id='word_1_77' title='bbox 1060 3651 1204 3733; x_wconf 83' lang='lat' dir='ltr'><strong>expedis,</strong></span> 
     </span>
     <span class='ocr_line' id='line_1_26' title="bbox 99 3757 1205 3842; baseline -0.004 -18"><span class='ocrx_word' id='word_1_78' title='bbox 99 3759 192 3836; x_wconf 85' lang='lat' dir='ltr'><strong>Quid</strong></span> <span class='ocrx_word' id='word_1_79' title='bbox 219 3759 292 3835; x_wconf 82' lang='lat' dir='ltr'><strong>sict,</strong></span> <span class='ocrx_word' id='word_1_80' title='bbox 321 3757 407 3840; x_wconf 88' lang='lat' dir='ltr'><strong>quod</strong></span> <span class='ocrx_word' id='word_1_81' title='bbox 430 3779 481 3822; x_wconf 86' lang='lat' dir='ltr'><strong>me</strong></span> <span class='ocrx_word' id='word_1_82' title='bbox 505 3781 563 3842; x_wconf 85' lang='lat' dir='ltr'><strong>par</strong></span> <span class='ocrx_word' id='word_1_83' title='bbox 585 3759 699 3824; x_wconf 84' lang='lat' dir='ltr'><strong>urbam</strong></span> <span class='ocrx_word' id='word_1_84' title='bbox 723 3779 857 3824; x_wconf 83' lang='lat' dir='ltr'><strong>currens</strong></span> <span class='ocrx_word' id='word_1_85' title='bbox 880 3759 1063 3840; x_wconf 77' lang='lat' dir='ltr'><strong>quaerebas</strong></span> <span class='ocrx_word' id='word_1_86' title='bbox 1087 3759 1205 3822; x_wconf 79' lang='lat' dir='ltr'><strong>modo?</strong></span> 
     </span>
    </p>
   </div>
   <div class='ocr_carea' id='block_1_13' title="bbox 101 3913 890 4107">
    <p class='ocr_par' dir='ltr' id='par_1_13' title="bbox 101 3913 890 4107">
     <span class='ocr_line' id='line_1_27' title="bbox 560 3913 759 3979; baseline 0 -1"><span class='ocrx_word' id='word_1_87' title='bbox 560 3913 759 3979; x_wconf 90' lang='lat' dir='ltr'><strong>Acanthio</strong></span> 
     </span>
     <span class='ocr_line' id='line_1_28' title="bbox 101 4022 890 4107; baseline -0.005 -17"><span class='ocrx_word' id='word_1_88' title='bbox 101 4025 153 4090; x_wconf 86' lang='lat' dir='ltr'><strong>Tu</strong></span> <span class='ocrx_word' id='word_1_89' title='bbox 178 4022 311 4107; x_wconf 87' lang='lat' dir='ltr'><strong>quidem</strong></span> <span class='ocrx_word' id='word_1_90' title='bbox 335 4043 373 4084; x_wconf 86' lang='lat' dir='ltr'><strong>ex</strong></span> <span class='ocrx_word' id='word_1_91' title='bbox 397 4043 452 4086; x_wconf 88' lang='lat' dir='ltr'><strong>ore</strong></span> <span class='ocrx_word' id='word_1_92' title='bbox 476 4023 655 4086; x_wconf 85' lang='lat' dir='ltr'><strong>orationem</strong></span> <span class='ocrx_word' id='word_1_93' title='bbox 679 4022 758 4086; x_wconf 91' lang='lat' dir='ltr'><strong>mihi</strong></span> <span class='ocrx_word' id='word_1_94' title='bbox 781 4023 890 4105; x_wconf 82' lang='lat' dir='ltr'><strong>eripis.</strong></span> 
     </span>
    </p>
   </div>
   <div class='ocr_carea' id='block_1_14' title="bbox 105 4259 1139 4416">
    <p class='ocr_par' dir='ltr' id='par_1_14' title="bbox 105 4259 1139 4416">
     <span class='ocr_line' id='line_1_29' title="bbox 175 4259 1139 4330; baseline -0.001 -15"><span class='ocrx_word' id='word_1_95' title='bbox 175 4264 227 4316; x_wconf 80' lang='grc'><strong>167</strong></span> <span class='ocrx_word' id='word_1_96' title='bbox 245 4259 407 4318; x_wconf 79' lang='lat' dir='ltr'><strong>Herculeo</strong></span> <span class='ocrx_word' id='word_1_97' title='bbox 473 4263 599 4316; x_wconf 78' lang='lat' dir='ltr'><strong>nisiaiam</strong></span> <span class='ocrx_word' id='word_1_98' title='bbox 618 4260 646 4318; x_wconf 91' lang='grc' dir='ltr'><strong><em>Β</em></strong></span> <span class='ocrx_word' id='word_1_99' title='bbox 710 4262 789 4316; x_wconf 82' lang='lat' dir='ltr'><strong>habia</strong></span> <span class='ocrx_word' id='word_1_100' title='bbox 805 4259 833 4315; x_wconf 91' lang='lat' dir='ltr'><em>B</em></span> <span class='ocrx_word' id='word_1_101' title='bbox 904 4263 952 4314; x_wconf 83' lang='grc'><strong>168</strong></span> <span class='ocrx_word' id='word_1_102' title='bbox 970 4259 1139 4330; x_wconf 81' lang='lat' dir='ltr'><strong>palpatorO</strong></span> 
     </span>
     <span class='ocr_line' id='line_1_30' title="bbox 105 4346 1130 4416; baseline -0.002 -12"><span class='ocrx_word' id='word_1_103' title='bbox 105 4353 156 4404; x_wconf 88' lang='grc'><strong>169</strong></span> <span class='ocrx_word' id='word_1_104' title='bbox 175 4346 333 4402; x_wconf 79' lang='lat' dir='ltr'><strong>harcuch</strong></span> <span class='ocrx_word' id='word_1_105' title='bbox 399 4347 467 4402; x_wconf 78' lang='lat' dir='ltr'><strong>Poat</strong></span> <span class='ocrx_word' id='word_1_106' title='bbox 483 4349 509 4402; x_wconf 81' lang='lat' dir='ltr'><strong>h.</strong></span> <span class='ocrx_word' id='word_1_107' title='bbox 527 4365 551 4402; x_wconf 85' lang='lat' dir='ltr'><strong>o.</strong></span> <span class='ocrx_word' id='word_1_108' title='bbox 574 4351 626 4403; x_wconf 88' lang='grc'><strong>168</strong></span> <span class='ocrx_word' id='word_1_109' title='bbox 642 4351 740 4416; x_wconf 78' lang='lat' dir='ltr'><strong>repetit</strong></span> <span class='ocrx_word' id='word_1_110' title='bbox 756 4347 783 4400; x_wconf 90' lang='lat' dir='ltr'><em>B</em></span> <span class='ocrx_word' id='word_1_111' title='bbox 855 4351 902 4401; x_wconf 82' lang='grc'><strong>113</strong></span> <span class='ocrx_word' id='word_1_112' title='bbox 921 4353 1085 4402; x_wconf 85' lang='lat' dir='ltr'><strong>ornamenta</strong></span> <span class='ocrx_word' id='word_1_113' title='bbox 1102 4347 1130 4402; x_wconf 90' lang='lat' dir='ltr'><em>B</em></span> 
     </span>
    </p>
   </div>
   <div class='ocr_carea' id='block_1_15' title="bbox 0 0 1470 5008">
    <p class='ocr_par' dir='ltr' id='par_1_15' title="bbox 0 0 1470 5008">
     <span class='ocr_line' id='line_1_31' title="bbox 0 0 1470 5008; baseline 0 1"><span class='ocrx_word' id='word_1_114' title='bbox 0 0 1470 5008; x_wconf 95' lang='lat' dir='ltr'><strong> </strong></span> 
     </span>
    </p>
   </div>
  </div>
 </body>
</html>
