2954 5002
305 481 345 540 50
819 473 910 530 Plauti
1197 474 1234 542 11,
1255 479 1277 542 1,
1297 476 1413 538 16-2,9
1458 515 1459 558 d

304 662 429 728 Metam
447 669 479 728 et
496 661 604 746 sugam
624 661 848 747 perduellibus
865 665 946 730 meis
962 685 1033 730 esse
1053 687 1103 730 me
1124 672 1160 730 ut
1180 665 1283 731 sciant
1301 671 1409 730 natum.
1458 651 1459 656 ἵ

305 770 351 836 Εο
376 791 446 836 sum
475 791 591 854 genere
622 778 753 853 gnatus:
783 793 900 852 magna
923 794 975 838 me
998 773 1144 838 facinora
1167 771 1261 838 decet
1283 771 1411 838 erficere,
1458 805 1459 854 ,

508 877 598 956 Quae
622 889 695 962 post
718 877 795 944 mihi
819 879 964 946 clareat
987 881 1043 946 diu
1067 881 1207 946 elueant.
1369 896 1414 948 aad
1458 865 1459 868 Ἴ

305 983 367 1050 Sed
389 985 473 1051 hunc
493 1007 588 1070 quem
607 987 713 1064 uideo,
734 989 808 1070 quis
826 989 877 1053 hir
896 997 955 1068 est,
980 989 1036 1072 qui
1055 988 1158 1054 oeulis
1179 991 1258 1054 meis
1277 989 1410 1054 obuiam
1458 1027 1459 1032 κ

1019 1097 1172 1180 ignobilia
1196 1096 1354 1162 obicitur?

305 1201 411 1268 Lubet
434 1204 517 1268 seire
542 1203 621 1286 quid
644 1203 697 1268 hia
721 1206 848 1271 uenerit
871 1225 944 1268 eum
968 1205 1152 1283 machaera,
1176 1213 1208 1270 et
1231 1206 1304 1270 huie
1325 1225 1411 1288 quam
1458 1203 1459 1226 ³

880 1333 948 1378 rem
971 1325 1048 1396 agat
1070 1313 1146 1378 hine
1168 1313 1255 1378 dabo
1278 1313 1410 1378 insidiae.

433 1623 606 1690 HARPAX
630 1623 805 1690 caedar.
850 1625 1099 1692 PSEUDOLUS
1123 1626 1296 1692 SERUOS.

783 1817 947 1904 Harpax

303 1925 345 1993 Hi
377 1927 439 1994 loci
468 1935 544 1992 aunt
572 1935 670 2010 atque
699 1927 760 1992 hae
789 1927 953 2008 regiones,
988 1947 1072 2010 quae
1101 1928 1179 1992 mihi
1203 1929 1246 1995 ab
1269 1950 1322 1995 ero
1344 1935 1410 1994 suat

1020 2035 1273 2114 demonstratae,

303 2141 348 2208 Ut
377 2163 437 2226 ego
465 2142 566 2208 oculis
595 2144 755 2208 rationem
784 2145 893 2228 capio,
928 2164 1027 2227 quam
1056 2143 1135 2208 mihi
1162 2147 1210 2210 ita
1240 2145 1319 2210 dixit
1344 2163 1408 2210 erus

1017 2273 1106 2317 meus
1129 2253 1232 2328 miles,
1367 2269 1410 2320 600

302 2358 476 2442 Septumaa
505 2379 576 2424 esse
606 2359 697 2424 aedis
729 2367 881 2443 aperta,
911 2359 968 2424 ubi
990 2359 1046 2425 ille
1069 2361 1199 2427 habitet
1221 2361 1310 2437 leno,
1343 2360 1408 2444 quoi
1456 2369 1457 2374 ’

1017 2469 1114 2534 iussit

303 2575 492 2660 Symbolum
515 2597 566 2640 me
588 2575 674 2640 ferre
698 2583 731 2641 et
754 2575 815 2640 hoc
838 2585 1018 2660 argentum.

303 2685 407 2750 Nimis
431 2684 528 2748 uelim
553 2691 678 2748 certum
698 2685 755 2768 qui
778 2683 810 2748 id
834 2684 913 2749 mihi
936 2684 1044 2759 faeiat,
1068 2685 1172 2750 Ballio
1196 2685 1270 2751 leno
1293 2685 1346 2750 ubi
1366 2684 1411 2748 hie
1457 2723 1458 2740 i

1018 2793 1156 2859 habitat.

751 2917 982 3012 Pseudol'us

305 3053 366 3137 [Sa
388 3065 460 3122 tace
484 3065 573 3135 tace3
598 3077 687 3121 meus
711 3056 763 3121 hie
792 3063 843 3121 est
866 3055 978 3134 homo,
1007 3057 1040 3120 ni
1062 3077 1174 3120 omnes
1198 3055 1231 3120 di
1255 3077 1302 3120 me
1324 3061 1411 3136 atque

288 3237 291 3246 ⁴
1018 3163 1165 3228 homines
1189 3161 1363 3244 deserunt]

304 3272 396 3338 Nouo
409 3273 545 3338 consilio
557 3293 644 3337 nunc
657 3272 735 3337 mihi
755 3293 835 3356 opus
854 3281 918 3352 est;
942 3293 1027 3336 noua
1047 3294 1099 3337 res
1117 3271 1226 3338 subito
1246 3273 1323 3338 mihi
1341 3271 1409 3336 haec

1019 3381 1147 3446 obiecta
1169 3391 1228 3446 est.
1368 3395 1411 3448 605
1456 3465 1457 3478 χ

304 3489 373 3555 Hoc
396 3497 590 3572 praeuortar
614 3491 789 3573 principio;
813 3489 870 3554 illa
887 3491 986 3554 missa
1006 3489 1111 3554 habeo
1130 3510 1214 3574 quae
1233 3495 1310 3554 ante
1327 3507 1409 3572 agere

1019 3601 1139 3682 occepi.

303 3706 372 3774 Iam
396 3706 450 3792 pol
474 3728 532 3788 ego
556 3705 643 3770 hunc
667 3707 886 3771 stratioticum
910 3708 1059 3770 nuntium
1077 3707 1304 3771 aduenientem
1323 3703 1409 3788 probe

1019 3815 1211 3898 percutiam.

307 3943 313 3946 .
321 3939 452 3946 -σ--ψ--η
459 3939 482 3944 -.
496 3937 528 3944 .-

372 4031 422 4084 594
440 4044 484 4082 me
504 4041 562 4080 eaae
581 4029 614 4079 ut
632 4025 726 4079 aioant
744 4023 772 4078 B
847 4023 1079 4093 aaaignorabilis
1098 4021 1151 4078 BG
1216 4024 1267 4077 598
1286 4024 1352 4078 uelit
1367 4017 1411 4075 Bo

372 4112 516 4168 credda
534 4119 560 4167 et
577 4109 717 4166 SERUOS
737 4125 787 4165 am.
807 4110 839 4177 A,
859 4117 945 4165 totum
964 4109 1112 4164 titutumc
1169 4110 1221 4164 600
1238 4107 1273 4164 Ui
1291 4107 1318 4163 B
1367 4109 1404 4160 601

303 4201 413 4254 habitat
499 4199 577 4252 cuius
598 4197 635 4249 sir
721 4198 772 4250 602
789 4213 851 4250 mae
869 4195 896 4247 Β
981 4197 1032 4249 6113
1051 4193 1138 4248 Nimia
1158 4195 1241 4249 uelim
1259 4192 1406 4250 antecedenti

237 4309 241 4322 ·
303 4287 394 4340 veredi
411 4283 534 4340 additB
604 4282 671 4350 quid
689 4283 758 4336 mihi
776 4279 803 4335 Β
877 4281 981 4334 ballion
1050 4280 1211 4335 corsiaco
1280 4274 1409 4334 eathied’

372 4385 485 4424 meam.
561 4371 612 4423 606
630 4368 762 4438 princirio
781 4367 808 4420 B
876 4367 923 4420 illa
942 4367 1036 4420 omnia
1054 4367 1137 4420 misae
