2960 5000
65 463 93 532 1,
119 469 147 533 1,
172 467 279 522 lv—oo
579 467 727 524 Poenulus.

503 656 795 740 Aporoslooles

68 763 107 830 Si
133 763 208 830 tibi
230 764 344 830 lubido
368 770 419 830 eei
440 771 499 830 eut
520 764 694 849 uoluptati,
717 766 798 831 eino.

69 871 262 957 Suspende
283 873 373 938 niuei
394 873 545 952 uerbere,
568 877 685 938 eueher
707 894 787 952 sum,
810 873 891 938 sino.

565 991 742 1072 Milphio

70 1099 109 1166 Si
136 1101 382 1166 auctoritatem
405 1107 521 1183 postea
544 1098 719 1181 defugeris,

71 1208 147 1274 Ubi
174 1208 358 1275 dissolutus
380 1215 418 1274 tn
441 1210 516 1286 sies,
540 1229 599 1290 ego
622 1207 790 1291 pendeam.

505 1327 800 1412 Aporoeloolee

72 1437 203 1520 Egone
225 1438 314 1502 istnc
336 1439 443 1503 ausim
464 1436 572 1502 funere
594 1437 788 1520 praesertim
810 1433 894 1500 tibi?

75 1547 175 1625 Quin
200 1546 228 1612 si
250 1545 340 1611 feriri
362 1546 461 1611 uideo
483 1553 527 1625 te,
541 1544 713 1628 ‘extemplo
737 1542 835 1608 dolel.

567 1663 743 1746 Milphio

76 1775 170 1842 Mihi
196 1773 328 1858 quidem
350 1773 469 1842 hercle.

512 1893 798 1976 Aporoelooleo

544 2001 648 2067 Immo
671 2001 761 2066 mihi.

567 2139 744 2220 Milphio

814 2245 902 2311 Istue
925 2244 1089 2311 meuelim.

85 2356 156 2422 Sed
182 2355 261 2440 qnid
284 2375 370 2422 nuno
391 2354 452 2421 libi
475 2356 549 2422 uie?

511 2473 798 2558 Aporoelooloe

599 2583 664 2648 Cur
686 2603 746 2666 ego
769 2581 857 2667 apud
878 2587 911 2648 te
934 2580 1097 2662 montier?

87 2671 176 2736 Amo
199 2668 391 2734 inmodeste.

569 2777 746 2858 Milphio

453 2885 546 2952 Meae
568 2887 654 2951 istnc
677 2884 831 2968 scapulae
854 2885 1012 2950 sentiunt.

514 3005 798 3088 Aporoeioolos

90 3110 135 3175 At
158 3129 219 3192 ego
242 3110 327 3177 hane
350 3113 490 3178 uicinam
514 3113 587 3179 dieo
611 3113 846 3198 Adelphasium
867 3131 983 3191 meam,

90 3217 235 3284 Lenonis
258 3219 357 3286 huius
380 3223 584 3287 meretricem
608 3223 829 3288 maiusculam.
1167 3230 1217 3285 155

575 3341 746 3421 Milphio

91 3444 163 3510 lem
189 3446 317 3529 pridem
340 3448 490 3530 equidem
512 3451 599 3515 ietue
622 3469 661 3514 ex
683 3457 716 3514 te
740 3449 861 3514 audiui.

510 3569 800 3651 Aporosloolee

955 3649 1095 3718 Differor

93 3757 254 3843 Cupidine
279 3761 359 3825 eius.
404 3759 468 3828 Sed
489 3763 605 3828 lenone
627 3765 712 3828 ietoo
735 3762 831 3846 Lyco,

92 3867 186 3933 Illius
210 3868 352 3947 domine,
376 3891 441 3936 non
463 3871 569 3937 lulum
592 3879 643 3936 eet
665 3871 873 3936 lutulentine.

93 4017 319 4026 -u——m-

163 4091 212 4144 146
230 4090 352 4145 berbena
368 4088 397 4144 Β
467 4094 516 4146 147
534 4098 649 4163 periere
720 4095 768 4147 149
786 4092 858 4146 intuo
876 4087 904 4145 Β
972 4088 1058 4158 prem
1076 4085 1099 4142 0
1171 4085 1219 4140 151

93 4175 179 4229 immo
198 4175 273 4230 irino
291 4173 352 4243 (om.
371 4175 453 4244 mihi)
473 4175 496 4232 0
580 4179 630 4232 152
648 4193 715 4247 ergo
733 4175 762 4231 Β
850 4175 899 4229 154
916 4173 962 4228 Ad
978 4171 1007 4228 Β
1095 4171 1143 4226 155
1160 4188 1220 4226 rne-

56 4271 64 4284 ·
93 4261 231 4403 fflirlrgn
249 4259 283 4328 Β,
300 4261 457 4316 mareolum
476 4262 498 4317 G
567 4265 616 4317 156
634 4281 679 4316 me
697 4261 809 4331 quidem
827 4261 856 4316 Β
933 4261 981 4315 151
998 4259 1053 4314 lieo
1073 4255 1095 4313 0
1168 4258 1218 4311 158
