2960 5000
283 455 343 517 130
793 447 885 502 Plauti
1183 447 1206 516 I,
1224 451 1251 516 2,
1273 453 1408 502 115-125

696 638 983 722 Aaorastooles

281 748 430 830 Namque
454 747 570 832 edepol
593 747 720 812 luorum
743 769 854 812 amare
877 747 1001 811 nullum
1031 753 1215 811 amatorem
1244 745 1408 829 addecet]

706 890 977 954 Anterastilis

281 999 412 1078 Eamus,
437 1019 510 1062 mes
532 1017 695 1080 germane.

694 1117 983 1198 Adelphasium

673 1225 739 1308 Age
764 1227 807 1290 eis
830 1233 866 1290 ut
889 1225 989 1290 lubet.
1036 1225 1180 1310 Sequere
1204 1225 1278 1290 hae.

704 1367 977 1432 Anterastilis

1274 1476 1408 1558 Sequor.
1473 1571 1474 1574 Ἴ

699 1585 982 1665 Aaorastooles

281 1691 368 1756 Eunt
391 1691 463 1755 hee.

755 1799 930 1880 Milphio

456 1905 541 1984 ,Quid
564 1907 591 1970 si
614 1907 770 1972 adeamus
795 1907 836 1972 ad
861 1908 940 1972 ees?

700 2049 984 2130 Ayorasloclos
1475 2129 1476 2138 ἢ

946 2157 1087 2222 Primum
1111 2159 1220 2240 prima
1244 2160 1339 2224 salua
1364 2161 1409 2224 sis

282 2265 322 2330 nt
346 2267 488 2331 secunda
510 2273 547 2331 tu
571 2267 716 2331 seeundo
741 2267 832 2331 salue
856 2268 888 2329 in
913 2269 1035 2349 preti03
1058 2267 1155 2331 tertia

280 2375 377 2440 Salue
402 2383 495 2438 extre
518 2377 670 2458 pretium.

757 2483 924 2547 Ancilla

598 2591 679 2654 Tum
704 2591 758 2674 pol
782 2613 840 2672 ego
864 2600 897 2656 et
921 2591 1028 2655 oleum
1051 2599 1084 2656 el
1106 2611 1241 2674 operam
1267 2591 1406 2674 perdidi.

697 2733 982 2813 Ayosastoclos

280 2843 349 2920 Quo
374 2849 407 2906 te
431 2842 522 2924 egis?

692 2949 987 3029 Adelphasium

431 3058 564 3145 Egone?
587 3057 620 3121 in
643 3057 757 3121 aedem
785 3057 928 3121 Ueneris.

694 3198 982 3282 Aaoraslooles

841 3307 924 3385 Quid
950 3307 1008 3371 eo?

694 3450 987 3530 Adelphasium

899 3557 942 3623 Ut
964 3557 1123 3622 Uenerem
1146 3557 1336 3640 propitiem.
1358 3575 1410 3627 330

695 3700 981 3780 Aaorastoeles

280 3809 349 3874 Eho
378 3829 419 3872 aa
443 3810 529 3873 irato
557 3809 629 3872 est?
679 3808 828 3890 Propitia
856 3808 965 3872 hercle
996 3814 1061 3885 est3
1096 3805 1149 3870 uel
1178 3827 1237 3888 ego
1263 3828 1325 3889 pro
1348 3807 1409 3872 illa

1045 3914 1200 3998 spondeo.

279 4025 363 4104 Quid
386 4033 422 4090 tu
446 4024 518 4089 ais?

290 4175 491 4183 --.-..-.--—--

346 4245 505 4313 8271>de
523 4243 657 4314 primus
728 4247 778 4298 328
796 4251 827 4298 tu
846 4245 875 4297 in
893 4243 1015 4298 seeundo
1090 4245 1141 4298 829
1159 4249 1188 4296 et
1207 4243 1300 4296 oleum
1319 4244 1364 4299 bis
1382 4245 1408 4298 B

279 4332 329 4384 380
347 4337 376 4385 te
394 4347 444 4386 am.
464 4331 490 4384 A
560 4331 609 4385 331
629 4329 703 4384 ehon
721 4331 794 4384 irata
813 4331 835 4384 O
902 4331 1006 4384 hereho
1024 4328 1052 4382 B
