2960 5000
99 501 154 570 IV,
176 505 206 570 ’1,
227 502 345 570 136-3,
366 504 389 570 1,
408 505 425 556 4
593 501 754 558 Pseudolus.
891 533 896 543 ,
1192 507 1235 568 99

100 692 256 776 Sequere
276 699 322 758 tu.
356 691 450 758 Nune
469 713 509 758 ne
533 693 741 776 exspectetis,
768 692 842 756 dum
866 691 928 758 hae
951 691 1084 758 domum
1106 691 1237 756 redeam

883 821 948 864 ura.
1170 817 1237 870 1235

100 909 158 975 Ita
182 932 238 975 res
261 916 355 992 geste
376 909 638 992 sstzvangiporla
661 917 784 973 eertum
810 915 861 973 est
884 910 1113 974 oonseotarier.

595 1063 678 1128 Har
712 1083 760 1128 uu

100 1169 137 1235 Si
160 1172 341 1254 graderere
359 1178 488 1237 tantum
512 1175 662 1252 quautam
677 1083 833 1254 ⁴loquere,
856 1171 922 1234 iam
945 1134 1033 1236 esses
1056 1169 1097 1234 ad
1120 1169 1236 1234 forum.

603 1323 747 1390 Ballio

102 1431 245 1498 Certum
269 1439 320 1498 ost
341 1431 422 1497 mihi
445 1434 532 1498 hune
555 1432 767 1498 emortualem
791 1433 899 1498 faeere
922 1454 962 1496 ex
983 1433 1088 1498 natali
1110 1433 1173 1497 die.

534 1723 635 1789 emo
660 1721 808 1789 snum.
977 1680 980 1689 '
1212 1721 1236 1788 e

101 1911 198 1977 Bene
222 1932 282 1994 ego
306 1911 397 1976 illum
420 1914 528 1992 tetigi,
558 1911 640 1977 bene
671 1919 781 1976 autem
804 1933 918 1978 seruos
941 1913 1107 1976 inimicum
1133 1933 1236 1977 suum,

103 2021 204 2086 Nune
222 2021 301 2084 mihi
322 2027 446 2085 certum
459 2028 511 2085 est
523 2021 588 2084 alie
606 2027 703 2104 paeto
724 2019 887 2086 Pseudolo
904 2019 1039 2084 insidias
1057 2019 1146 2096 dare,
1172 2037 1238 2088 1240

104 2128 216 2205 Quam
239 2131 272 2194 in
295 2129 368 2194 aliis
392 2129 568 2193 comoediis
591 2128 638 2207 fit,
661 2129 718 2193 ubi
742 2149 817 2195 eum
841 2129 983 2193 stimulis
1007 2135 1064 2192 aut
1087 2127 1199 2211 flagris

104 2237 330 2317 Insidiantur;
354 2244 389 2302 at
412 2258 471 2320 ego
495 2238 560 2302 iam
582 2238 671 2302 intus
695 2257 841 2320 promam
865 2237 980 2318 uiginti
1004 2240 1118 2314 minas,

106 2343 200 2422 Quas
223 2345 368 2430 promisi,
393 2347 420 2411 si
444 2345 629 2424 eofeeisset3
653 2335 786 2410 obuiam
809 2345 897 2409 ultro
921 2347 950 2409 ei
975 2345 1129 2410 delerem.

106 2454 214 2520 Nimis
237 2453 306 2518 illie
328 2453 478 2518 mortalis
501 2455 640 2531 doetust
662 2455 759 2520 nimie
783 2460 949 2532 uorsutus‚
972 2455 1069 2518 nimis
1093 2453 1207 2518 malus.

105 2563 287 2646 Superauit
310 2561 420 2626 dolum
443 2561 621 2626 Troianum
644 2571 744 2646 atque
767 2561 895 2627 Ulixem
920 2561 1111 2626 Pseudolus.
1172 2579 1236 2630 1245

104 2671 201 2736 Nune
224 2670 280 2734 ibo
303 2671 398 2748 intro,
422 2681 593 2753 argentum
617 2691 774 2753 promam,
798 2669 962 2734 Pseudolo
985 2670 1120 2735 insidias
1140 2669 1235 2734 dabo.

571 2961 775 2970 ——n—

346 3191 597 3259 PSEUDOLUS
622 3192 786 3259 SERUOS
830 3191 996 3258 EBRIUS.

108 3381 194 3461 Quid
218 3381 303 3446 hoo?
327 3383 427 3446 sicine
450 3382 513 3446 hoe
535 3381 597 3446 fit?
619 3381 730 3462 pedes,
754 3381 855 3446 stetin
879 3400 922 3445 an
943 3381 1030 3444 non?

109 3495 157 3555 An
179 3491 214 3555 id
236 3490 338 3554 uoltis
362 3499 399 3554 ut
422 3511 472 3554 me
495 3489 572 3554 hine
593 3491 755 3555 iacentem
779 3488 1042 3570 aliquis‘tollat?

107 3599 191 3664 Nam
213 3599 324 3664 herole
348 3600 377 3662 si
393 3598 557 3678 recidero,
579 3607 727 3664 nostrum
753 3599 816 3662 erit
838 3595 1007 3678 flagitium.

107 3707 252 3790 Pergitin
276 3708 431 3789 pergere?
455 3707 508 3785 ah,
531 3707 745 3772 saeuiundum
769 3705 848 3769 mihi
871 3703 969 3769 hodie
992 3711 1051 3767 est.
1169 3722 1235 3773 1250

179 3958 245 4010 1233
263 3963 292 4009 te
362 3957 429 4010 1236
447 3957 596 4024 angiporta
615 3957 683 4010 haec
702 3961 811 4011 eertum
832 3961 874 4008 eet
950 3953 1015 4006 1237
1033 3953 1092 4022 HA.
1115 3969 1165 4008 om.

109 4050 245 4112 quantum
263 4057 312 4097 oet.
404 4043 470 4094 1233
491 4042 546 4094 BA.
567 4059 616 4095 om.
707 4042 828 4096 Titulum
846 4054 898 4094 om.
917 4041 942 4092 A
1031 4037 1051 4090 C
1071 4053 1122 4092 om.
1140 4037 1168 4090 B

110 4131 173 4183 1241
193 4127 317 4183 eomedis
336 4125 364 4180 B
435 4129 501 4180 1242
519 4127 624 4181 inultus
697 4129 761 4180 1243
783 4129 807 4180 ei
828 4128 902 4179 ultro
969 4123 1054 4178 feram
1073 4124 1100 4176 A
1170 4125 1236 4176 1244

109 4214 209 4268 doetus
299 4215 365 4266 1245
385 4212 411 4264 ui
430 4213 475 4266 ixe
493 4211 528 4278 B,
547 4213 678 4266 uixiseem
699 4211 721 4266 Ο
813 4211 978 4277 pseudolum
1072 4211 1137 4261 1246
1155 4208 1194 4262 ibi
1215 4207 1238 4262 0

176 4296 318 4352 SERUUS
338 4295 552 4351 PSEUDOLUS
569 4297 605 4364 Β,
624 4300 736 4351 aornim
754 4297 852 4351 desunt
869 4299 900 4350 in
919 4295 941 4349 0
1025 4297 1090 4348 1247
1109 4293 1189 4362 Quod
1206 4293 1235 4348 B

111 4385 175 4438 1248
193 4387 334 4436 tacentem
421 4385 487 4436 1250
506 4383 588 4436 hodie
607 4385 794 4448 estproximo
813 4398 892 4436 versa
